@article{Braun2007GeneralControl,
    title = {A General Control Algorithm for Cooling Towers in Cooling Plants with Electric and/or Gas-Driven Chillers},
    year = {2007},
    journal = {HVAC{\&}R Research},
    author = {Braun, James E},
    doi = {10.1080/10789669.2007.10390973},
    number = {4},
    pages = {581--598},
    volume = {13},
    publisher = {Taylor {\&} Francis},
    url = {http://www.tandfonline.com/doi/abs/10.1080/10789669.2007.10390973}
}

@article{Wang2000Model-basedAlgorithm,
    title = {Model-based optimal control of VAV air-conditioning system using genetic algorithm},
    year = {2000},
    journal = {Building and Environment},
    author = {Wang, Shengwei and Jin, Xinqiao},
    doi = {http://dx.doi.org/10.1016/S0360-1323(99)00032-3},
    number = {6},
    month = {1},
    pages = {471--487},
    volume = {35},
    url = {http://www.sciencedirect.com/science/article/pii/S0360132399000323}
}

@article{Liu2006ExperimentalFoundation,
    title = {Experimental analysis of simulated reinforcement learning control for active and passive building thermal storage inventory: Part 1. Theoretical foundation},
    year = {2006},
    journal = {Energy and Buildings},
    author = {Liu, Simeng and Henze, Gregor P},
    doi = {http://dx.doi.org/10.1016/j.enbuild.2005.06.002},
    number = {2},
    pages = {142--147},
    volume = {38},
    url = {http://www.sciencedirect.com/science/article/pii/S037877880500085X}
}

@article{Zaheer-uddin2000OptimalBuildings,
    title = {Optimal control of time-scheduled heating, ventilating and air conditioning processes in buildings},
    year = {2000},
    journal = {Energy Conversion and Management},
    author = {Zaheer-uddin, M and Zheng, G R},
    doi = {http://dx.doi.org/10.1016/S0196-8904(99)00094-1},
    number = {1},
    pages = {49--60},
    volume = {41},
    url = {http://www.sciencedirect.com/science/article/pii/S0196890499000941}
}

@article{Henze2005,
    title = {Experimental analysis of model-based predictive optimal control for active and passive building thermal storage inventory},
    year = {2005},
    journal = {HVAC{\&}R Research},
    author = {Henze, Gregor P and Kalz, Doreen E and Liu, Simeng and Felsmann, Clemens},
    number = {2},
    pages = {189--213},
    volume = {11},
    publisher = {Amer. Soc. Heating, Ref. Air-Conditoning Eng. Inc}
}

@article{Braun2007RP1252,
    title = {A Near-Optimal Control Strategy for Cool Storage Systems with Dynamic Electric Rates (RP-1252)},
    year = {2007},
    journal = {HVAC{\&}R Research},
    author = {Braun, James E},
    doi = {10.1080/10789669.2007.10390972},
    number = {4},
    pages = {557--580},
    volume = {13},
    publisher = {Taylor {\&} Francis},
    url = {http://www.tandfonline.com/doi/abs/10.1080/10789669.2007.10390972}
}

@phdthesis{Qin_2014_Res_Letters,
    title = {A Data-Driven Approach for System Approximation and Set Point Optimization, With a Focus in HVAC Systems},
    year = {2014},
    author = {Qin, Xiao},
    volume = {Doctor of},
    publisher = {University of Arizona}
}

@article{Henze2003EvaluationSystems,
    title = {Evaluation of Reinforcement Learning Control for Thermal Energy Storage Systems},
    year = {2003},
    journal = {HVAC{\&}R Research},
    author = {Henze, Gregor P and Schoenmann, Jobst},
    doi = {10.1080/10789669.2003.10391069},
    number = {3},
    pages = {259--275},
    volume = {9},
    publisher = {Taylor {\&} Francis},
    url = {http://www.tandfonline.com/doi/abs/10.1080/10789669.2003.10391069}
}

@article{Braun2007HybridCooling,
    title = {Near-Optimal Control Strategies for Hybrid Cooling Plants},
    year = {2007},
    journal = {HVAC{\&}R Research},
    author = {Braun, James E},
    doi = {10.1080/10789669.2007.10390974},
    number = {4},
    pages = {599--622},
    volume = {13},
    publisher = {Taylor {\&} Francis},
    url = {http://www.tandfonline.com/doi/abs/10.1080/10789669.2007.10390974}
}

@article{Braun2005,
    title = {Development and evaluation of a night ventilation precooling algorithm},
    year = {2005},
    journal = {HVAC{\&}R Research},
    author = {Braun, James E and Zhong, Zhipeng},
    number = {3},
    pages = {433--458},
    volume = {11},
    publisher = {Amer. Soc. Heating, Ref. Air-Conditoning Eng. Inc}
}

@misc{Cascia1999,
    title = {Digital Controller for a Cooling and Heating Plant Having Near-Optimal Global Set Point Control Strategy},
    year = {1999},
    author = {Cascia, M A},
    month = {5},
    publisher = {Google Patents},
    url = {http://www.google.com/patents/US5963458}
}

@article{Mossolly-Ghali-Ghaddar_2009_Energy,
    title = {Optimal Control Strategy for a Multi-Zone Air Conditioning System Using a Genetic Algorithm},
    year = {2009},
    journal = {Energy},
    author = {Mossolly, M and Ghali, K and Ghaddar, N},
    doi = {http://dx.doi.org/10.1016/j.energy.2008.10.001},
    number = {1},
    pages = {58--66},
    volume = {34},
    url = {http://www.sciencedirect.com/science/article/pii/S0360544208002570}
}

@article{Ke1997OptimizedSystems,
    title = {Optimized Supply-Air Temperature (SAT) in Variable-Air-Volume (VAV) Systems},
    year = {1997},
    journal = {Energy},
    author = {Ke, Yu-Pei and Mumma, Stanley A},
    doi = {http://dx.doi.org/10.1016/S0360-5442(96)00154-5},
    number = {6},
    pages = {601--614},
    volume = {22},
    url = {http://www.sciencedirect.com/science/article/pii/S0360544296001545}
}

@article{Chidiac2011,
    title = {A screening methodology for implementing cost effective energy retrofit measures in Canadian office buildings},
    year = {2011},
    journal = {Energy and Buildings},
    author = {Chidiac, S.E. and Catania, E.J.C. and Morofsky, E. and Foo, S.},
    doi = {10.1016/j.enbuild.2010.11.002},
    number = {2-3},
    month = {2},
    pages = {614--620},
    volume = {43},
    url = {http://www.sciencedirect.com/science/article/pii/S0378778810003993}
}

@phdthesis{Zhu2005,
    title = {A methodology to pre-screen commercial buildings for potential energy savings using limited information},
    year = {2005},
    author = {Zhu, Yiwen}
}

@phdthesis{Liu2010,
    title = {Improvements and applications of the methodology for potential energy savings estimation from retro-commissioning/retrofit measures},
    year = {2010},
    author = {Liu, Jingjing}
}

@phdthesis{Hicks2008,
    title = {Development of a pre-screening methodology to aid in determining potential energy savings in commercial buildings},
    year = {2008},
    author = {Hicks, Dave C.}
}

@article{Bi2000,
    title = {Advanced controller auto-tuning and its application in HVAC systems},
    year = {2000},
    journal = {Control Engineering Practice},
    author = {Bi, Qiang and Cai, Wen-Jian and Wang, Qing-Guo and Hang, Chang-Chieh and Sun, Yong and Liu, Ke-Dian and Zhang, Yong and Zou, Biao},
    doi = {10.1016/S0967-0661(99)00198-7},
    number = {6},
    month = {6},
    pages = {633--644},
    volume = {8},
    url = {http://www.sciencedirect.com/science/article/pii/S0967066199001987}
}

@article{Huang1997,
    title = {Using genetic algorithms to optimize controller parameters for HVAC systems},
    year = {1997},
    journal = {Energy and Buildings},
    author = {Huang, W. and Lam, H.N.},
    doi = {10.1016/S0378-7788(97)00008-X},
    number = {3},
    month = {1},
    pages = {277--282},
    volume = {26},
    url = {http://www.sciencedirect.com/science/article/pii/S037877889700008X}
}

@article{Mathews2001,
    title = {HVAC control strategies to enhance comfort and minimise energy usage},
    year = {2001},
    journal = {Energy and Buildings},
    author = {Mathews, E.H and Botha, C.P and Arndt, D.C and Malan, A},
    doi = {10.1016/S0378-7788(01)00075-5},
    number = {8},
    month = {10},
    pages = {853--863},
    volume = {33},
    url = {http://www.sciencedirect.com/science/article/pii/S0378778801000755}
}

@article{Kastner2005,
    title = {Communication Systems for Building Automation and Control},
    year = {2005},
    journal = {Proceedings of the IEEE},
    author = {Kastner, W and Neugschwandtner, G and Soucek, S and Newmann, H M},
    doi = {10.1109/JPROC.2005.849726},
    number = {6},
    month = {6},
    pages = {1178--1203},
    volume = {93}
}

@article{Nassif2005,
    title = {Optimization of HVAC Control System Strategy Using Two-Objective Genetic Algorithm},
    year = {2005},
    journal = {HVAC{\&}R Research},
    author = {Nassif, Nabil and Kajl, Stanislaw and Sabourin, Robert},
    doi = {10.1080/10789669.2005.10391148},
    number = {3},
    pages = {459--486},
    volume = {11}
}

@article{Paulus2015,
    title = {Algorithm for automating the selection of a temperature dependent change point model},
    year = {2015},
    journal = {Energy and Buildings},
    author = {Paulus, Mitchell T. and Claridge, David E. and Culp, Charles},
    doi = {10.1016/j.enbuild.2014.11.033},
    pages = {95--104},
    volume = {87},
    publisher = {Elsevier B.V.},
    url = {http://linkinghub.elsevier.com/retrieve/pii/S0378778814009645}
}

@misc{Seem2002,
    title = {Model based economizer control of an air handling unit},
    year = {2002},
    author = {Seem, J E},
    publisher = {Google Patents},
    url = {https://www.google.com/patents/US6415617}
}

@article{KintnerMeyer1995,
    title = {Optimal control of an HVAC system using cold storage and building thermal capacitance},
    year = {1995},
    journal = {Energy and Buildings},
    author = {Kintner-Meyer, M. and Emery, A.F.},
    doi = {10.1016/0378-7788(95)00917-M},
    number = {1},
    month = {10},
    pages = {19--31},
    volume = {23},
    url = {http://www.sciencedirect.com/science/article/pii/037877889500917M}
}

@article{Guo2007,
    title = {A Neural Network Assisted Cascade Control System for Air Handling Unit},
    year = {2007},
    journal = {Industrial Electronics, IEEE Transactions on},
    author = {Guo, Chengyi and Song, Qing and Cai, Wenjian},
    doi = {10.1109/TIE.2006.888809},
    number = {1},
    month = {2},
    pages = {620--628},
    volume = {54}
}

@article{Seem1999,
    title = {A New Sequencing Control Strategy for Air-Handling Units},
    year = {1999},
    journal = {HVAC{\&}R Research},
    author = {Seem, John E and Park, Cheol and House, John M},
    doi = {10.1080/10789669.1999.10391222},
    number = {1},
    pages = {35--58},
    volume = {5},
    url = {http://www.tandfonline.com/doi/abs/10.1080/10789669.1999.10391222}
}

@article{Atthajariyakul2004,
    title = {Real-time determination of optimal indoor-air condition for thermal comfort, air quality and efficient energy usage},
    year = {2004},
    journal = {Energy and Buildings},
    author = {Atthajariyakul, S and Leephakpreeda, T},
    doi = {10.1016/j.enbuild.2004.01.017},
    number = {7},
    month = {7},
    pages = {720--733},
    volume = {36},
    url = {http://www.sciencedirect.com/science/article/pii/S0378778804000258}
}

@article{braun1990,
    title = {Reducing energy costs and peak electrical demand through optimal control of building thermal storage},
    year = {1990},
    journal = {ASHRAE transactions},
    author = {Braun, James E},
    number = {2},
    pages = {876--888},
    volume = {96}
}

@article{Ahn2001,
    title = {Optimal control development for chilled water plants using a quadratic representation},
    year = {2001},
    journal = {Energy and Buildings},
    author = {Ahn, B.C. and Mitchell, J.W.},
    doi = {10.1016/S0378-7788(00)00119-5},
    number = {4},
    month = {4},
    pages = {371--378},
    volume = {33},
    url = {http://www.sciencedirect.com/science/article/pii/S0378778800001195}
}

@article{XuMin2005,
    title = {Practical Receding-Horizon Optimization Control of the Air Handling Unit in HVAC Systems},
    year = {2005},
    journal = {Industrial {\&} Engineering Chemistry Research},
    author = {Xu, Min and Li, Shaoyuan and Cai, Wenjian},
    doi = {10.1021/ie0499411},
    number = {8},
    pages = {2848--2855},
    volume = {44},
    url = {http://dx.doi.org/10.1021/ie0499411}
}

@article{XuXinhua2009,
    title = {A model-based optimal ventilation control strategy of multi-zone VAV air-conditioning systems},
    year = {2009},
    journal = {Applied Thermal Engineering},
    author = {Xu, Xinhua and Wang, Shengwei and Sun, Zhongwei and Xiao, Fu},
    doi = {10.1016/j.applthermaleng.2008.02.017},
    number = {1},
    month = {1},
    pages = {91--104},
    volume = {29},
    url = {http://www.sciencedirect.com/science/article/pii/S1359431108000719}
}

@article{SunZhongwei2011,
    title = {Model-based Optimal Control of Outdoor Air Flow Rate of an Air-Conditioning System with Primary Air-Handling Unit},
    year = {2011},
    journal = {Indoor and Built Environment},
    author = {Sun, Zhongwei and Wang, Shengwei and Zhu, Na},
    doi = {10.1177/1420326X11411511},
    month = {7},
    url = {http://ibe.sagepub.com/content/early/2011/07/12/1420326X11411511.abstract}
}

@article{Kusiak2010,
    title = {Cooling output optimization of an air handling unit},
    year = {2010},
    journal = {Applied Energy},
    author = {Kusiak, Andrew and Li, Mingyang},
    doi = {10.1016/j.apenergy.2009.06.010},
    number = {3},
    month = {3},
    pages = {901--909},
    volume = {87},
    url = {http://www.sciencedirect.com/science/article/pii/S0306261909002499}
}

@article{Kusiak2010ModelingAndOptimization,
    title = {Modeling and optimization of HVAC energy consumption},
    year = {2010},
    journal = {Applied Energy},
    author = {Kusiak, Andrew and Li, Mingyang and Tang, Fan},
    doi = {10.1016/j.apenergy.2010.04.008},
    number = {10},
    month = {10},
    pages = {3092--3102},
    volume = {87},
    url = {http://www.sciencedirect.com/science/article/pii/S0306261910001157}
}

@article{Kusiak2011OptimizationOfAnHVACSystemWithAStrength,
    title = {Optimization of an HVAC system with a strength multi-objective particle-swarm algorithm},
    year = {2011},
    journal = {Energy},
    author = {Kusiak, Andrew and Xu, Guanglin and Tang, Fan},
    doi = {10.1016/j.energy.2011.08.024},
    number = {10},
    month = {10},
    pages = {5935--5943},
    volume = {36},
    url = {http://www.sciencedirect.com/science/article/pii/S0360544211005548}
}

@article{WeiXiupeng2015,
    title = {Multi-objective optimization of the HVAC (heating, ventilation, and air conditioning) system performance},
    year = {2015},
    journal = {Energy},
    author = {Wei, Xiupeng and Kusiak, Andrew and Li, Mingyang and Tang, Fan and Zeng, Yaohui},
    doi = {10.1016/j.energy.2015.02.024},
    month = {4},
    pages = {294--306},
    volume = {83},
    url = {http://www.sciencedirect.com/science/article/pii/S0360544215001796}
}

@article{WeiXiupeng2014ModelingAndOptimizationOfAChillerPlant,
    title = {Modeling and optimization of a chiller plant},
    year = {2014},
    journal = {Energy},
    author = {Wei, Xiupeng and Xu, Guanglin and Kusiak, Andrew},
    doi = {10.1016/j.energy.2014.06.102},
    month = {8},
    pages = {898--907},
    volume = {73},
    url = {http://www.sciencedirect.com/science/article/pii/S0360544214008019}
}

@article{Kusiak2014MinimizationOfEnergyConsumptionInHVAC,
    title = {Minimization of energy consumption in HVAC systems with data-driven models and an interior-point method},
    year = {2014},
    journal = {Energy Conversion and Management},
    author = {Kusiak, Andrew and Xu, Guanglin and Zhang, Zijun},
    doi = {10.1016/j.enconman.2014.05.053},
    month = {9},
    pages = {146--153},
    volume = {85},
    url = {http://www.sciencedirect.com/science/article/pii/S0196890414004646}
}

@article{HeXiaofei2014,
    title = {Performance optimization of HVAC systems with computational intelligence algorithms},
    year = {2014},
    journal = {Energy and Buildings},
    author = {He, Xiaofei and Zhang, Zijun and Kusiak, Andrew},
    doi = {10.1016/j.enbuild.2014.06.021},
    month = {10},
    pages = {371--380},
    volume = {81},
    url = {http://www.sciencedirect.com/science/article/pii/S0378778814005039}
}

@article{Kusiak2013MinimizingEnergyConsumption,
    title = {Minimizing energy consumption of an air handling unit with a computational intelligence approach},
    year = {2013},
    journal = {Energy and Buildings},
    author = {Kusiak, Andrew and Zeng, Yaohui and Xu, Guanglin},
    doi = {10.1016/j.enbuild.2013.02.006},
    month = {5},
    pages = {355--363},
    volume = {60},
    url = {http://www.sciencedirect.com/science/article/pii/S0378778813000741}
}

@article{Cui2004,
    title = {Optimal Airflow Control of Laboratory Air Handling Unit (LAHU) Systems},
    year = {2004},
    journal = {Journal of Solar Energy Engineering},
    author = {Cui, Yujie and Liu, Mingsheng and Conger, Kirk},
    doi = {10.1115/1.1667984},
    number = {2},
    month = {5},
    pages = {750--758},
    volume = {126},
    publisher = {ASME},
    url = {http://dx.doi.org/10.1115/1.1667984}
}

@misc{AshraeGuideline2002,
    title = {Guideline 14-2002, Measurement of Energy and Demand Savings},
    year = {2002},
    booktitle = {American Society of Heating, Ventilating, and Air Conditioning Engineers, Atlanta, Georgia},
    author = {ASHRAE},
    publisher = {ASHRAE}
}

@article{Kusiak2012ModelingAndOptimizationOfHVAC,
    title = {Modeling and optimization of HVAC systems using a dynamic neural network},
    year = {2012},
    journal = {Energy},
    author = {Kusiak, Andrew and Xu, Guanglin},
    doi = {10.1016/j.energy.2012.03.063},
    number = {1},
    month = {6},
    pages = {241--250},
    volume = {42},
    url = {http://www.sciencedirect.com/science/article/pii/S0360544212002666}
}

@article{Kusiak2011MultiObjective,
    title = {Multi-objective optimization of HVAC system with an evolutionary computation algorithm},
    year = {2011},
    journal = {Energy},
    author = {Kusiak, Andrew and Tang, Fan and Xu, Guanglin},
    doi = {10.1016/j.energy.2011.01.030},
    number = {5},
    month = {5},
    pages = {2440--2449},
    volume = {36},
    url = {http://www.sciencedirect.com/science/article/pii/S0360544211000314}
}

@article{LuLu2005Part1,
    title = {Global optimization for overall HVAC systems––Part I problem formulation and analysis},
    year = {2005},
    journal = {Energy Conversion and Management},
    author = {Lu, Lu and Cai, Wenjian and Chai, Yeng Soh and Xie, Lihua},
    doi = {10.1016/j.enconman.2004.06.012},
    number = {7-8},
    month = {5},
    pages = {999--1014},
    volume = {46},
    url = {http://www.sciencedirect.com/science/article/pii/S0196890404001517}
}

@article{LuLu2005Part2,
    title = {Global optimization for overall HVAC systems––Part II problem solution and simulations},
    year = {2005},
    journal = {Energy Conversion and Management},
    author = {Lu, Lu and Cai, Wenjian and Soh, Yeng Chai and Xie, Lihua},
    doi = {10.1016/j.enconman.2004.06.011},
    number = {7-8},
    month = {5},
    pages = {1015--1028},
    volume = {46},
    url = {http://www.sciencedirect.com/science/article/pii/S0196890404001505}
}

@article{LuLu2005HVACSystemOptimization,
    title = {HVAC system optimization—in-building section},
    year = {2005},
    journal = {Energy and Buildings},
    author = {Lu, Lu and Cai, Wenjian and Xie, Lihua and Li, Shujiang and Soh, Yeng Chai},
    doi = {10.1016/j.enbuild.2003.12.007},
    number = {1},
    month = {1},
    pages = {11--22},
    volume = {37},
    url = {http://www.sciencedirect.com/science/article/pii/S0378778804000039}
}

@article{LuLu2004,
    title = {HVAC system optimization––condenser water loop},
    year = {2004},
    journal = {Energy Conversion and Management},
    author = {Lu, Lu and Cai, Wenjian and Soh, Yeng Chai and Xie, Lihua and Li, Shujiang},
    doi = {10.1016/S0196-8904(03)00181-X},
    number = {4},
    month = {3},
    pages = {613--630},
    volume = {45},
    url = {http://www.sciencedirect.com/science/article/pii/S019689040300181X}
}

@article{Zheng1996,
    title = {Optimization of thermal processes in a variable air volume HVAC system},
    year = {1996},
    journal = {Energy},
    author = {Zheng, G.R. and Zaheer-Uddin, M.},
    doi = {10.1016/0360-5442(96)00114-4},
    number = {5},
    month = {5},
    pages = {407--420},
    volume = {21},
    url = {http://www.sciencedirect.com/science/article/pii/0360544296001144}
}

@article{Engdahl2004,
    title = {Optimal supply air temperature with respect to energy use in a variable air volume system},
    year = {2004},
    journal = {Energy and Buildings},
    author = {Engdahl, Fredrik and Johansson, Dennis},
    doi = {10.1016/j.enbuild.2003.09.007},
    number = {3},
    month = {3},
    pages = {205--218},
    volume = {36},
    url = {http://www.sciencedirect.com/science/article/pii/S0378778803000963}
}

@article{Wang2012AirCycles,
    title = {Air handling unit supply air temperature optimal control during economizer cycles},
    year = {2012},
    journal = {Energy and Buildings},
    author = {Wang, Gang and Song, Li},
    doi = {10.1016/j.enbuild.2012.02.024},
    month = {6},
    pages = {310--316},
    volume = {49},
    url = {http://www.sciencedirect.com/science/article/pii/S0378778812001016}
}

@article{Huh2008,
    title = {Optimization of air-conditioning system operating strategies for hot and humid climates},
    year = {2008},
    journal = {Energy and Buildings},
    author = {Huh, Jung-Ho and Brandemuehl, Michael J.},
    doi = {10.1016/j.enbuild.2007.10.018},
    number = {7},
    month = {1},
    pages = {1202--1213},
    volume = {40},
    url = {http://www.sciencedirect.com/science/article/pii/S0378778807002551}
}

@article{Mumma1997EnergyControl,
    title = {Energy optimized-ventilation constrained variable air volume system control},
    year = {1997},
    journal = {Automation in Construction},
    author = {Mumma, S.A. and Bolin, R.J.},
    doi = {10.1016/S0926-5805(97)00024-1},
    number = {5-6},
    month = {9},
    pages = {463--470},
    volume = {6},
    url = {http://www.sciencedirect.com/science/article/pii/S0926580597000241}
}

@article{Parameshwaran2010EnergyAlgorithm,
    title = {Energy conservative building air conditioning system controlled and optimized using fuzzy-genetic algorithm},
    year = {2010},
    journal = {Energy and Buildings},
    author = {Parameshwaran, R. and Karunakaran, R. and Kumar, C. Vinu Raja and Iniyan, S.},
    doi = {10.1016/j.enbuild.2009.11.014},
    number = {5},
    month = {5},
    pages = {745--762},
    volume = {42},
    url = {http://www.sciencedirect.com/science/article/pii/S0378778809003107}
}

@article{Kusiak2010ReheatBox,
    title = {Reheat optimization of the variable-air-volume box},
    year = {2010},
    journal = {Energy},
    author = {Kusiak, Andrew and Li, Mingyang},
    doi = {10.1016/j.energy.2010.01.014},
    number = {5},
    month = {5},
    pages = {1997--2005},
    volume = {35},
    url = {http://www.sciencedirect.com/science/article/pii/S0360544210000162}
}

@article{Fong2006HVACProgramming,
    title = {HVAC system optimization for energy management by evolutionary programming},
    year = {2006},
    journal = {Energy and Buildings},
    author = {Fong, K.F. and Hanby, V.I. and Chow, T.T.},
    doi = {10.1016/j.enbuild.2005.05.008},
    number = {3},
    month = {3},
    pages = {220--231},
    volume = {38},
    url = {http://www.sciencedirect.com/science/article/pii/S0378778805000939}
}

@article{Ning2010Neuro-optimalSystem,
    title = {Neuro-optimal operation of a variable air volume HVAC{\&}R system},
    year = {2010},
    journal = {Applied Thermal Engineering},
    author = {Ning, Min and Zaheeruddin, M.},
    doi = {10.1016/j.applthermaleng.2009.10.009},
    number = {5},
    month = {4},
    pages = {385--399},
    volume = {30},
    url = {http://www.sciencedirect.com/science/article/pii/S1359431109003007}
}

@article{Yuan2006Multiple-zoneStrategy,
    title = {Multiple-zone ventilation and temperature control of a single-duct VAV system using model predictive strategy},
    year = {2006},
    journal = {Energy and Buildings},
    author = {Yuan, Shui and Perez, Ronald},
    doi = {10.1016/j.enbuild.2006.03.007},
    number = {10},
    month = {10},
    pages = {1248--1261},
    volume = {38},
    url = {http://www.sciencedirect.com/science/article/pii/S0378778806000764}
}

@article{Jin2005Prediction-basedSystems,
    title = {Prediction-based online optimal control of outdoor air of multi-zone VAV air conditioning systems},
    year = {2005},
    journal = {Energy and Buildings},
    author = {Jin, Xinqiao and Ren, Haigang and Xiao, Xiaokun},
    doi = {10.1016/j.enbuild.2004.11.011},
    number = {9},
    month = {9},
    pages = {939--944},
    volume = {37},
    url = {http://www.sciencedirect.com/science/article/pii/S0378778805000058}
}

@article{Gruber2014AlternativeBuildings,
    title = {Alternative strategies for supply air temperature control in office buildings},
    year = {2014},
    journal = {Energy and Buildings},
    author = {Gruber, Mattias and Tr{\"{u}}schel, Anders and Dalenb{\"{a}}ck, Jan-Olof},
    doi = {10.1016/j.enbuild.2014.06.056},
    month = {10},
    pages = {406--415},
    volume = {82},
    url = {http://www.sciencedirect.com/science/article/pii/S0378778814005660}
}

@article{Cho2009Single-ductOptimization,
    title = {Single-duct constant volume system optimization},
    year = {2009},
    journal = {Energy and Buildings},
    author = {Cho, Young-Hum and Liu, Mingsheng},
    doi = {10.1016/j.enbuild.2009.03.011},
    number = {8},
    month = {8},
    pages = {856--862},
    volume = {41},
    url = {http://www.sciencedirect.com/science/article/pii/S037877880900053X}
}

@article{Congradac2009HVACAlgorithms,
    title = {HVAC system optimization with CO2 concentration control using genetic algorithms},
    year = {2009},
    journal = {Energy and Buildings},
    author = {Congradac, Velimir and Kulic, Filip},
    doi = {10.1016/j.enbuild.2008.12.004},
    number = {5},
    month = {5},
    pages = {571--577},
    volume = {41},
    url = {http://www.sciencedirect.com/science/article/pii/S0378778808002685}
}

@article{Freire2008PredictiveSavings,
    title = {Predictive controllers for thermal comfort optimization and energy savings},
    year = {2008},
    journal = {Energy and Buildings},
    author = {Freire, Roberto Z. and Oliveira, Gustavo H.C. and Mendes, Nathan},
    doi = {10.1016/j.enbuild.2007.12.007},
    number = {7},
    month = {1},
    pages = {1353--1365},
    volume = {40},
    url = {http://www.sciencedirect.com/science/article/pii/S0378778808000029}
}

@article{Yu2008OptimizingChillers,
    title = {Optimizing condenser fan control for air-cooled centrifugal chillers},
    year = {2008},
    journal = {International Journal of Thermal Sciences},
    author = {Yu, F.W. and Chan, K.T.},
    doi = {10.1016/j.ijthermalsci.2007.07.018},
    number = {7},
    month = {7},
    pages = {942--953},
    volume = {47},
    url = {http://www.sciencedirect.com/science/article/pii/S129007290700186X}
}

@article{Riachi2014NumericalBuses,
    title = {A Numerical Model for Simulating Thermal Comfort Prediction in Public Transportation Buses},
    year = {2014},
    journal = {International Journal of Environmental Protection and Policy},
    author = {Riachi, Youssef and Clodic, Denis},
    doi = {10.11648/j.ijepp.20140201.11},
    number = {1},
    pages = {1--8},
    volume = {2},
    url = {http://www.sciencepublishinggroup.com/journal/paperinfo.aspx?journalid=266{\&}doi=10.11648/j.ijepp.20140201.11}
}

@article{Aswani2012,
    title = {Reducing transient and steady state electricity consumption in hvac using learning-based model-predictive control},
    year = {2012},
    journal = {Proceedings of the IEEE},
    author = {Aswani, Anil and Master, Neal and Taneja, Jay and Culler, David and Tomlin, Claire},
    number = {1},
    pages = {240--253},
    volume = {100},
    publisher = {IEEE}
}

@phdthesis{Paulus2012,
    title = {Measurement, Modeling, Analysis and Reporting Protocols for Short-Term Monitoring and Verification of Whole Building Energy Performance},
    year = {2012},
    author = {Paulus, Mitchell T.}
}

@article{Gangisetti2015,
    title = {Influence of reduced VAV flow settings on indoor thermal comfort in an office space},
    year = {2015},
    journal = {Building Simulation},
    author = {Gangisetti, Kavita and Claridge, David E and Srebric, Jelena and Paulus, Mitchell T.},
    doi = {10.1007/s12273-015-0254-3},
    number = {1},
    pages = {101--111},
    volume = {9}
}

@book{Incropera2007FundamentalsTransfer,
    title = {Fundamentals of Heat and Mass Transfer},
    year = {2007},
    booktitle = {Water},
    author = {Incropera, Frank P and DeWitt, David P and Bergman, Theodore L and Lavine, Adrienne S},
    chapter = {Table A1-2},
    doi = {10.1016/j.applthermaleng.2011.03.022},
    editor = {Incropera, Frank P and Incropera, Frank P Fundamentals Of Heat And Mass Transfer},
    pages = {997},
    series = {Dekker Mechanical Engineering},
    volume = {6th},
    publisher = {John Wiley {\&} Sons},
    url = {http://www.osti.gov/energycitations/product.biblio.jsp?osti{\_}id=6008324}
}

@article{Khodadadi2013ThermalReview,
    title = {Thermal conductivity enhancement of nanostructure-based colloidal suspensions utilized as phase change materials for thermal energy storage: A review},
    year = {2013},
    journal = {Renewable and Sustainable Energy Reviews},
    author = {Khodadadi, J M and Fan, Liwu and Babaei, Hasan},
    doi = {10.1016/j.rser.2013.03.031},
    pages = {418--444},
    volume = {24},
    publisher = {Elsevier Ltd},
    url = {http://dx.doi.org/10.1016/j.rser.2013.03.031}
}

@article{Hatton2010OptimizingCommissioning,
    title = {Optimizing building controls during commissioning},
    year = {2010},
    journal = {ASHRAE Journal},
    author = {Hatton, Michael A and Sullivan, Tim and Newlands, Larry},
    number = {12},
    pages = {22--27},
    volume = {52},
    publisher = {Amer. Soc. Heating, Ref. Air-Conditoning Eng. Inc}
}

@article{Jamekhorshid2014AMedium,
    title = {A review of microencapsulation methods of phase change materials (PCMs) as a thermal energy storage (TES) medium},
    year = {2014},
    journal = {Renewable and Sustainable Energy Reviews},
    author = {Jamekhorshid, A and Sadrameli, S M and Farid, M},
    doi = {http://dx.doi.org/10.1016/j.rser.2013.12.033},
    number = {0},
    pages = {531--542},
    volume = {31},
    url = {http://www.sciencedirect.com/science/article/pii/S1364032113008472}
}

@article{Trigui2013DevelopmentStorage,
    title = {Development and characterization of composite phase change material: Thermal conductivity and latent heat thermal energy storage},
    year = {2013},
    journal = {Composites Part B: Engineering},
    author = {Trigui, A and Karkri, M and Boudaya, C and Candau, Y and Ibos, L},
    doi = {10.1016/j.compositesb.2013.01.007},
    pages = {22--35},
    series = {Compos., B, Eng. (UK)},
    volume = {49},
    publisher = {Elsevier Science Ltd},
    url = {http://dx.doi.org/10.1016/j.compositesb.2013.01.007}
}

@article{Abdel-Salam2014Thermo-economicSystem,
    title = {Thermo-economic performance of a solar membrane liquid desiccant air conditioning system},
    year = {2014},
    journal = {Solar Energy},
    author = {Abdel-Salam, A and Ge, Gaoming and Simonson, C J},
    doi = {10.1016/j.solener.2013.12.036},
    pages = {56--73},
    series = {Sol. Energy (UK)},
    volume = {102},
    publisher = {Elsevier Science Ltd},
    url = {http://dx.doi.org/10.1016/j.solener.2013.12.036}
}

@article{Zuo2010SimulationsGPU,
    title = {Simulations of air distributions in buildings by FFD on GPU},
    year = {2010},
    journal = {HVAC and R Research},
    author = {Zuo, Wangda and Chen, Qingyan},
    doi = {10.1080/10789669.2010.10390934},
    number = {6},
    pages = {785--798},
    volume = {16},
    publisher = {Amer. Soc. Heating, Ref. Air-Conditoning Eng. Inc},
    url = {http://dx.doi.org/10.1080/10789669.2010.10390934}
}

@article{Fels1986PRISM:Introduction,
    title = {PRISM: An introduction},
    year = {1986},
    journal = {Energy and Buildings},
    author = {Fels, Margaret F},
    number = {1},
    pages = {5--18},
    volume = {9},
    publisher = {Elsevier}
}

@article{Henze2004ImpactInventory,
    title = {Impact of forecasting accuracy on predictive optimal control of active and passive building thermal storage inventory},
    year = {2004},
    journal = {HVAC and R Research},
    author = {Henze, Gregor P and Kalz, Doreen E and Felsmann, Clemens and Knabe, Gottfried},
    number = {2},
    pages = {153--178},
    volume = {10},
    publisher = {Amer. Soc. Heating, Ref. Air-Conditoning Eng. Inc}
}

@inproceedings{Zabalegui2013InvestigationApplications,
    title = {Investigation of thermal properties in nanofluids for thermal energy storage applications},
    year = {2013},
    booktitle = {ASME 2013 Heat Transfer Summer Conference, HT 2013 Collocated with the ASME 2013 7th International Conference on Energy Sustainability and the ASME 2013 11th International Conference on Fuel Cell Science, Engineering and Technology, July 14, 2013 - July 1},
    author = {Zabalegui, Aitor and Tong, Bernadette and Lee, Hohyun},
    doi = {10.1115/HT2013-17649},
    pages = {Heat Transfer Division},
    volume = {1},
    publisher = {American Society of Mechanical Engineers},
    url = {http://dx.doi.org/10.1115/HT2013-17649}
}

@article{Tatsidjodoung2013AApplications,
    title = {A review of potential materials for thermal energy storage in building applications},
    year = {2013},
    journal = {Renewable and Sustainable Energy Reviews},
    author = {Tatsidjodoung, P and Le Pierres, N and Luo, Lingai},
    doi = {10.1016/j.rser.2012.10.025},
    pages = {327--349},
    series = {Renew. Sustain. Energy Rev. (UK)},
    volume = {18},
    publisher = {Elsevier Science Ltd},
    url = {http://dx.doi.org/10.1016/j.rser.2012.10.025}
}

@article{Wang2009AssessmentEnvironment,
    title = {Assessment of various turbulence models for transitional flows in an enclosed environment},
    year = {2009},
    journal = {HVAC and R Research},
    author = {Wang, Miao and Chen, Qingyan},
    number = {6},
    pages = {1099--1119},
    volume = {15},
    publisher = {Amer. Soc. Heating, Ref. Air-Conditoning Eng. Inc}
}

@misc{McMaster-CarrMcMaster-CarrStore,
    title = {McMaster-Carr Online Store},
    author = {McMaster-Carr},
    number = {9/30},
    volume = {2014}
}

@article{Pomianowski2013ReviewBuildings,
    title = {Review of thermal energy storage technologies based on PCM application in buildings},
    year = {2013},
    journal = {Energy and Buildings},
    author = {Pomianowski, Michal and Heiselberg, Per and Zhang, Yinping},
    doi = {10.1016/j.enbuild.2013.08.006},
    pages = {56--69},
    volume = {67},
    publisher = {Elsevier Ltd},
    url = {http://dx.doi.org/10.1016/j.enbuild.2013.08.006}
}

@article{Jiang2007GeneralAnalysis,
    title = {General methodology combining engineering optimization of primary HVAC R plants with decision analysis methods - Part I: Deterministic analysis},
    year = {2007},
    journal = {HVAC and R Research},
    author = {Jiang, Wei and Reddy, T A},
    number = {1},
    pages = {93--117},
    volume = {13},
    publisher = {Amer. Soc. Heating, Ref. Air-Conditoning Eng. Inc}
}

@techreport{Kissock2002Development1050-RP,
    title = {Development of a toolkit for calculating linear, change-point linear and multiple-linear inverse building energy analysis models, ASHRAE Research Project 1050-RP},
    year = {2002},
    author = {Kissock, J K and Haberl, J and Claridge, D E},
    publisher = {ASHRAE}
}

@article{Gil2013ThermalScale,
    title = {Thermal behaviour of d-mannitol when used as PCM: Comparison of results obtained by DSC and in a thermal energy storage unit at pilot plant scale},
    year = {2013},
    journal = {Applied Energy},
    author = {Gil, Antoni and Barreneche, Camila and Moreno, Pere and Sole, Cristian and Ines Fernandez, A and Cabeza, Luisa F},
    doi = {10.1016/j.apenergy.2013.04.081},
    pages = {1107--1113},
    volume = {111},
    publisher = {Elsevier Ltd},
    url = {http://dx.doi.org/10.1016/j.apenergy.2013.04.081}
}

@article{Mikic1970OnRates,
    title = {On bubble growth rates},
    year = {1970},
    journal = {International Journal of Heat and Mass Transfer},
    author = {Mikic, B B and Rohsenow, W M and Griffith, P},
    doi = {http://dx.doi.org/10.1016/0017-9310(70)90040-2},
    number = {4},
    pages = {657--666},
    volume = {13},
    url = {http://www.sciencedirect.com/science/article/pii/0017931070900402}
}

@article{Riffat2013PhaseReview,
    title = {Phase change material developments: A review},
    year = {2013},
    author = {Riffat, Saffa and Mempouo, Blaise and Fang, Wenbo},
    doi = {10.1080/01430750.2013.823106},
    series = {International Journal of Ambient Energy},
    url = {http://dx.doi.org/10.1080/01430750.2013.823106}
}

@inproceedings{Gilpin2011MoltenMicrosatellites,
    title = {Molten Boron Phase-Change Thermal Energy Storage: Containment and Applicability to Microsatellites},
    year = {2011},
    booktitle = {42nd AIAA Thermophysics Conference, American Institute of Aeronautics and Astronautics},
    author = {Gilpin, Matthew R and Scharfe, David B and Young, Marcus P and Pancotti, Anthony P}
}

@article{Sari2013PolyethylStorage,
    title = {Polyethyl methacrylate (PEMA)/fatty acids blends as novel phase change materials for thermal energy storage},
    year = {2013},
    journal = {Energy Sources, Part A: Recovery, Utilization and Environmental Effects},
    author = {Sari, A and Karli, A and Alkan, C and Karaipekli, A},
    doi = {10.1080/15567036.2010.531507},
    number = {19},
    pages = {1813--1819},
    volume = {35},
    publisher = {Taylor and Francis Inc},
    url = {http://dx.doi.org/10.1080/15567036.2010.531507}
}

@article{Han2013EnhanceNanotubes,
    title = {Enhance the thermal storage of cement-based composites with phase change materials and carbon nanotubes},
    year = {2013},
    journal = {Journal of Solar Energy Engineering, Transactions of the ASME},
    author = {Han, Baoguo and Zhang, Kun and Yu, Xun},
    doi = {10.1115/1.4023181},
    number = {2},
    volume = {135},
    publisher = {American Society of Mechanical Engineers},
    url = {http://dx.doi.org/10.1115/1.4023181}
}

@article{Jeon2013ApplicationConsumption,
    title = {Application of PCM thermal energy storage system to reduce building energy consumption},
    year = {2013},
    journal = {Journal of Thermal Analysis and Calorimetry},
    author = {Jeon, Jisoo and Lee, Jung-Hun and Seo, Jungki and Jeong, Su-Gwang and Kim, Sumin},
    doi = {10.1007/s10973-012-2291-9},
    number = {1},
    pages = {279--288},
    volume = {111},
    publisher = {Springer Netherlands},
    url = {http://dx.doi.org/10.1007/s10973-012-2291-9}
}

@article{Stekli2013TechnicalStorage,
    title = {Technical challenges and opportunities for concentrating solar power with thermal energy storage},
    year = {2013},
    journal = {Journal of Thermal Science and Engineering Applications},
    author = {Stekli, Joseph and Irwin, Levi and Pitchumani, Ranga},
    doi = {10.1115/1.4024143},
    number = {2},
    volume = {5},
    publisher = {American Society of Mechanical Engineers},
    url = {http://dx.doi.org/10.1115/1.4024143}
}

@article{Buratti2014AnNetworks,
    title = {An original tool for checking energy performance and certification of buildings by means of Artificial Neural Networks},
    year = {2014},
    journal = {Applied Energy},
    author = {Buratti, C and Barbanera, M and Palladino, D},
    doi = {http://dx.doi.org/10.1016/j.apenergy.2014.01.053},
    number = {0},
    month = {1},
    pages = {125--132},
    volume = {120},
    url = {http://www.sciencedirect.com/science/article/pii/S0306261914000828}
}

@article{Sun2013PredictingResults,
    title = {Predicting Cooling Loads for the Next 24 Hours Based on General Regression Neural Network: Methods and Results},
    year = {2013},
    journal = {Advances in Mechanical Engineering},
    author = {Sun, Yuying and Wang, Wei and Zhao, Yaohua and Pan, Song},
    doi = {10.1155/2013/954185},
    pages = {954185 (8 pp.)},
    series = {Adv. Mech. Eng. (USA)},
    publisher = {Hindawi Publishing Corporation},
    url = {http://dx.doi.org/10.1155/2013/954185}
}

@article{Kim2013IsothermalStorage,
    title = {Isothermal transcritical CO2 cycles with TES (thermal energy storage) for electricity storage},
    year = {2013},
    journal = {Energy},
    author = {Kim, Young-Min and Shin, Dong-Gil and Lee, Sun-Youp and Favrat, D},
    doi = {10.1016/j.energy.2012.09.057},
    month = {1},
    pages = {484--501},
    series = {Energy (UK)},
    volume = {49},
    publisher = {Elsevier Science Ltd},
    url = {http://dx.doi.org/10.1016/j.energy.2012.09.057}
}

@article{Newsham2009DoBut,
    title = {Do LEED-certified buildings save energy? Yes, but…},
    year = {2009},
    journal = {Energy and Buildings},
    author = {Newsham, Guy R and Mancini, Sandra and Birt, Benjamin J},
    doi = {http://dx.doi.org/10.1016/j.enbuild.2009.03.014},
    number = {8},
    pages = {897--905},
    volume = {41},
    url = {http://www.sciencedirect.com/science/article/pii/S0378778809000693}
}

@article{Sedeh2013ThermalComposites,
    title = {Thermal conductivity improvement of phase change materials/graphite foam composites},
    year = {2013},
    journal = {Carbon},
    author = {Sedeh, M M and Khodadadi, J M},
    doi = {10.1016/j.carbon.2013.04.004},
    pages = {117--128},
    series = {Carbon (UK)},
    volume = {60},
    publisher = {Elsevier Science Ltd},
    url = {http://dx.doi.org/10.1016/j.carbon.2013.04.004}
}

@article{Cai2013InfluencesMats,
    title = {Influences of expanded graphite on structural morphology and thermal performance of composite phase change materials consisting of fatty acid eutectics and electrospun PA6 nanofibrous mats},
    year = {2013},
    journal = {Renewable Energy},
    author = {Cai, Yibing and Gao, Chuntao and Zhang, Ting and Zhang, Zhen and Wei, Qufu and Du, Jinmei and Hu, Yuan and Song, Lei},
    doi = {10.1016/j.renene.2013.01.044},
    pages = {163--170},
    series = {Renew. Energy (UK)},
    volume = {57},
    publisher = {Elsevier Science Ltd},
    url = {http://dx.doi.org/10.1016/j.renene.2013.01.044}
}

@article{Li2013EnhancementNanotubes,
    title = {Enhancement of heat transfer for thermal energy storage application using stearic acid nanocomposite with multi-walled carbon nanotubes},
    year = {2013},
    journal = {Energy},
    author = {Li, TingXian and Lee, Ju-Hyuk and Wang, RuZhu and Kang, Yong Tae},
    doi = {10.1016/j.energy.2013.04.010},
    pages = {752--761},
    volume = {55},
    publisher = {Elsevier Ltd},
    url = {http://dx.doi.org/10.1016/j.energy.2013.04.010}
}

@inproceedings{Huo1996ASimulation,
    title = {A new method to describe boundary conditions in CFD simulation},
    year = {1996},
    booktitle = {Proc. of ROOMVENT},
    author = {Huo, Y and Zhang, J and Shaw, C and Haghighat, Fariborz},
    pages = {233--240},
    volume = {2}
}

@article{Qian2013PreparationApplication,
    title = {Preparation of a novel PEG composite with halogen-free flame retardant supporting matrix for thermal energy storage application},
    year = {2013},
    journal = {Applied Energy},
    author = {Qian, Yong and Wei, Ping and Jiang, Pingkai and Li, Zhi and Yan, Yonggang and Liu, Jiping},
    doi = {10.1016/j.apenergy.2012.12.070},
    pages = {321--327},
    series = {Appl. Energy (UK)},
    volume = {106},
    publisher = {Elsevier Science Ltd},
    url = {http://dx.doi.org/10.1016/j.apenergy.2012.12.070}
}

@article{Crawford1991AComponents,
    title = {A segmented linear least-squares modeling procedure for nonlinear HVAC components},
    year = {1991},
    journal = {ASHRAE Transactions},
    author = {Crawford, R and Dykowski, R and Czajkowski, S},
    pages = {11--18},
    volume = {97}
}

@article{Wang2013CalculationSystem,
    title = {Calculation Model of Peak Power Load Shifting of Electric Thermal Storage Air-conditioning System},
    year = {2013},
    journal = {Applied Mechanics and Materials},
    author = {Wang, He and Li, Dezhi and Xu, Renwu and Ji, Hong},
    doi = {10.4028/www.scientific.net/AMM.260-261.466},
    pages = {466--470},
    series = {Appl. Mech. Mater. (Switzerland)},
    volume = {260-261},
    publisher = {Trans Tech Publications Ltd},
    url = {http://dx.doi.org/10.4028/www.scientific.net/AMM.260-261.466}
}

@article{Sukhorukov2005IntelligentNanocapsules,
    title = {Intelligent micro- and nanocapsules},
    year = {2005},
    journal = {Plenary Lectures World Polymer Congress, 40th IUPAC International Symposium on Macromolecules},
    author = {Sukhorukov, G and Fery, A and M{\"{o}}hwald, H},
    doi = {http://dx.doi.org/10.1016/j.progpolymsci.2005.06.008},
    number = {8–9},
    pages = {885--897},
    volume = {30},
    url = {http://www.sciencedirect.com/science/article/pii/S0079670005000778}
}

@article{Rao2013MolecularMaterials,
    title = {Molecular dynamics simulations of nano-encapsulated and nanoparticle-enhanced thermal energy storage phase change materials},
    year = {2013},
    journal = {International Journal of Heat and Mass Transfer},
    author = {Rao, Zhonghao and Wang, Shuangfeng and Peng, Feifei},
    doi = {10.1016/j.ijheatmasstransfer.2013.07.065},
    pages = {575--584},
    volume = {66},
    publisher = {Elsevier Ltd},
    url = {http://dx.doi.org/10.1016/j.ijheatmasstransfer.2013.07.065}
}

@article{Royon2013ThermalBuildings,
    title = {Thermal energy storage and release of a new component with PCM for integration in floors for thermal management of buildings},
    year = {2013},
    journal = {Energy and Buildings},
    author = {Royon, Laurent and Karim, Laurie and Bontemps, Andre},
    doi = {10.1016/j.enbuild.2013.03.042},
    pages = {29--35},
    volume = {63},
    publisher = {Elsevier Ltd},
    url = {http://dx.doi.org/10.1016/j.enbuild.2013.03.042}
}

@article{Chen2013SynthesisMaterials,
    title = {Synthesis and Characterization of Microencapsulated Paraffin Microcapsules as Shape-stabilized Thermal Energy Storage Materials},
    year = {2013},
    journal = {Nanoscale and Microscale Thermophysical Engineering},
    author = {Chen, Zhi and Cao, Lei and Fang, Guiyin and Shan, Feng},
    doi = {10.1080/15567265.2012.761305},
    number = {2},
    pages = {112--123},
    series = {Nanoscale Microscale Thermophys. Eng. (USA)},
    volume = {17},
    publisher = {Taylor {\&} Francis},
    url = {http://dx.doi.org/10.1080/15567265.2012.761305}
}

@article{Wright2002OptimizationAlgorithm,
    title = {Optimization of building thermal design and control by multi-criterion genetic algorithm},
    year = {2002},
    journal = {A View of Energy and Bilding Performance Simulation at the start of the third millennium},
    author = {Wright, Jonathan A and Loosemore, Heather A and Farmani, Raziyeh},
    doi = {http://dx.doi.org/10.1016/S0378-7788(02)00071-3},
    number = {9},
    pages = {959--972},
    volume = {34},
    url = {http://www.sciencedirect.com/science/article/pii/S0378778802000713}
}

@inproceedings{Powell2013DynamicStorage,
    title = {Dynamic optimization of a campus cooling system with thermal storage},
    year = {2013},
    booktitle = {2013 European Control Conference (ECC)},
    author = {Powell, K M and Cole, W J and Ekarika, U F and Edgar, T F},
    pages = {4077--4082},
    publisher = {IEEE}
}

@article{Kreider1994PredictingResults,
    title = {Predicting hourly building energy usage: The great energy predictor shootout-Overview and discussion of results},
    year = {1994},
    journal = {ASHRAE Transactions},
    author = {Kreider, J and Haberl, J},
    pages = {1104--1118},
    volume = {100}
}

@misc{TexasAMUniversityUtilitiesandEnergyServicesEnergy2015,
    title = {Energy Action Plan 2015},
    author = {Texas A{\&}M University Utilities and Energy Services},
    number = {6/23},
    volume = {2014}
}

@article{Martinez-Lera2013AnalysisBuildings,
    title = {Analysis and sizing of thermal energy storage in combined heating, cooling and power plants for buildings},
    year = {2013},
    journal = {Applied Energy},
    author = {Martinez-Lera, S and Ballester, J and Martinez-Lera, J},
    doi = {10.1016/j.apenergy.2013.01.074},
    pages = {127--142},
    series = {Appl. Energy (UK)},
    volume = {106},
    publisher = {Elsevier Science Ltd},
    url = {http://dx.doi.org/10.1016/j.apenergy.2013.01.074}
}

@book{Mendenhall2003AAnalysis,
    title = {A second course in statistics: Regression analysis},
    year = {2003},
    author = {Mendenhall, William and Sincich, Terry},
    volume = {6th},
    publisher = {Pearson Education}
}

@article{Qiu2013PreparationStorage,
    title = {Preparation, thermal properties and thermal reliabilities of microencapsulated n-octadecane with acrylic-based polymer shells for thermal energy storage},
    year = {2013},
    journal = {Thermochimica Acta},
    author = {Qiu, Xiaolin and Song, Guolin and Chu, Xiaodong and Li, Xuezhu and Tang, Guoyi},
    doi = {10.1016/j.tca.2012.10.027},
    pages = {136--144},
    volume = {551},
    publisher = {Elsevier},
    url = {http://dx.doi.org/10.1016/j.tca.2012.10.027}
}

@article{Khudhair2004AMaterials,
    title = {A review on energy conservation in building applications with thermal storage by latent heat using phase change materials},
    year = {2004},
    journal = {Energy Conversion and Management},
    author = {Khudhair, Amar M and Farid, Mohammed M},
    doi = {http://dx.doi.org/10.1016/S0196-8904(03)00131-6},
    number = {2},
    pages = {263--275},
    volume = {45},
    url = {http://www.sciencedirect.com/science/article/pii/S0196890403001316}
}

@article{Ge2013Carbonate-salt-basedStorage,
    title = {Carbonate-salt-based composite materials for medium- and high-temperature thermal energy storage},
    year = {2013},
    author = {Ge, Zhiwei and Ye, Feng and Cao, Hui and Leng, Guanghui and Qin, Yue and Ding, Yulong},
    doi = {10.1016/j.partic.2013.09.002},
    series = {Particuology},
    url = {http://dx.doi.org/10.1016/j.partic.2013.09.002}
}

@article{Dhar1999AVariable,
    title = {A Fourier series model to predict hourly heating and cooling energy use in commercial buildings with outdoor temperature as the only weather variable},
    year = {1999},
    journal = {Journal of Solar Energy Engineering},
    author = {Dhar, A and Reddy, T A and Claridge, D E},
    number = {1},
    pages = {47--53},
    volume = {121},
    publisher = {American Society of Mechanical Engineers}
}

@article{Kim2014ThermalConsumption,
    title = {Thermal performance enhancement of mortar mixed with octadecane/xGnP SSPCM to save building energy consumption},
    year = {2014},
    journal = {Solar Energy Materials and Solar Cells},
    author = {Kim, Sughwan and Paek, Songyee and Jeong, Su-Gwang and Lee, Jeong-Hun and Kim, Sumin},
    doi = {10.1016/j.solmat.2013.12.015},
    pages = {257--263},
    series = {Sol. Energy Mater. Sol. Cells (Netherlands)},
    volume = {122},
    publisher = {Elsevier Science B.V},
    url = {http://dx.doi.org/10.1016/j.solmat.2013.12.015}
}

@article{Zhang2013PreparationStorage,
    title = {Preparation and characterization of lauric-myristic-palmitic acid ternary eutectic mixtures/expanded graphite composite phase change material for thermal energy storage},
    year = {2013},
    journal = {Chemical Engineering Journal},
    author = {Zhang, Nan and Yuan, Yanping and Wang, Xi and Cao, Xiaoling and Yang, Xiaojiao and Hu, Shuchun},
    doi = {10.1016/j.cej.2013.07.008},
    pages = {214--219},
    volume = {231},
    publisher = {Elsevier},
    url = {http://dx.doi.org/10.1016/j.cej.2013.07.008}
}

@article{Xu2014ResearchSources,
    title = {Research and application of active hollow core slabs in building systems for utilizing low energy sources},
    year = {2014},
    journal = {Applied Energy},
    author = {Xu, Xinhua and Yu, Jinghua and Wang, Shengwei and Wang, Jinbo},
    doi = {10.1016/j.apenergy.2013.09.064},
    pages = {424--435},
    volume = {116},
    publisher = {Elsevier Ltd},
    url = {http://dx.doi.org/10.1016/j.apenergy.2013.09.064}
}

@article{Rodriguez-Ubinas2013InfluenceRetrofitting,
    title = {Influence of the use of PCM drywall and the fenestration in building retrofitting},
    year = {2013},
    journal = {Energy and Buildings},
    author = {Rodriguez-Ubinas, E and Arranz, B A and Sanchez, S V and Gonzalez, F J N},
    doi = {10.1016/j.enbuild.2013.06.023},
    pages = {464--476},
    volume = {65},
    publisher = {Elsevier Ltd},
    url = {http://dx.doi.org/10.1016/j.enbuild.2013.06.023}
}

@book{ASHRAE2001ASHRAEFundamentals,
    title = {ASHRAE Handbook, Fundamentals},
    year = {2001},
    booktitle = {Atlanta},
    author = {ASHRAE},
    pages = {17--31}
}

@phdthesis{Abushakra2001Short-TermUse,
    title = {Short-Term Monitoring, Long-Term Prediction of Building Energy Use},
    year = {2001},
    booktitle = {Department of Mechanical Engineering, Texas A{\&}M},
    author = {Abushakra, Bass}
}

@inproceedings{Mills2005TheBuildings,
    title = {The cost-effectiveness of commissioning new and existing commercial buildings: Lessons from 224 buildings},
    year = {2005},
    booktitle = {National Conference on Building Commissioning: May},
    author = {Mills, Evan and Bourassa, Norman and Piette, Mary Ann and Friedman, Hannah and Haasl, Tudi and Powell, Tehesia and Claridge, David},
    pages = {6},
    volume = {4}
}

@article{Fan2013EffectsMaterials,
    title = {Effects of various carbon nanofillers on the thermal conductivity and energy storage properties of paraffin-based nanocomposite phase change materials},
    year = {2013},
    journal = {Applied Energy},
    author = {Fan, Li-Wu and Fang, Xin and Wang, Xiao and Zeng, Yi and Xiao, Yu-Qi and Yu, Zi-Tao and Xu, Xu and Hu, Ya-Cai and Cen, Ke-Fa},
    doi = {10.1016/j.apenergy.2013.04.043},
    pages = {163--172},
    volume = {110},
    publisher = {Elsevier Ltd},
    url = {http://dx.doi.org/10.1016/j.apenergy.2013.04.043}
}

@article{Yao2010GlobalMethod,
    title = {Global optimization of a central air-conditioning system using decomposition–coordination method},
    year = {2010},
    journal = {Energy and Buildings},
    author = {Yao, Ye and Chen, Jing},
    doi = {http://dx.doi.org/10.1016/j.enbuild.2009.10.027},
    number = {5},
    pages = {570--583},
    volume = {42},
    url = {http://www.sciencedirect.com/science/article/pii/S037877880900276X}
}

@article{Whiting2013HeatsMaterials,
    title = {Heats of water sorption studies on zeolite-MgSO4 composites as potential thermochemical heat storage materials},
    year = {2013},
    journal = {Solar Energy Materials and Solar Cells},
    author = {Whiting, G and Grondin, D and Bennici, S and Auroux, A},
    doi = {10.1016/j.solmat.2013.01.020},
    pages = {112--119},
    series = {Sol. Energy Mater. Sol. Cells (Netherlands)},
    volume = {112},
    publisher = {Elsevier Science B.V},
    url = {http://dx.doi.org/10.1016/j.solmat.2013.01.020}
}

@article{Guo2013PreparationMaterials,
    title = {Preparation and Properties of Polyacrylonitrile Fiber/Binary of Fatty Acids Composites as Phase Change Materials},
    year = {2013},
    journal = {Energy Sources, Part A (Recovery, Utilization, and Environmental Effects)},
    author = {Guo, J and Xiang, H -X and Wang, Q -Q and Xu, D -Z},
    doi = {10.1080/15567036.2010.518217},
    number = {11},
    pages = {1064--1072},
    series = {Energy Sources, A, Recovery Util. Environ. Eff. (UK)},
    volume = {35},
    publisher = {Taylor {\&} Francis Ltd},
    url = {http://dx.doi.org/10.1080/15567036.2010.518217}
}

@article{Ahmed2013AnSystem,
    title = {An experimental investigation of a cold thermal energy storage system},
    year = {2013},
    journal = {Applied Mechanics and Materials},
    author = {Ahmed, S and Gadalla, M},
    doi = {10.4028/www.scientific.net/AMM.291-294.621},
    pages = {621--626},
    series = {Appl. Mech. Mater. (Switzerland)},
    volume = {291-294},
    publisher = {Trans Tech Publications Ltd},
    url = {http://dx.doi.org/10.4028/www.scientific.net/AMM.291-294.621}
}

@article{Marriott2006ThreeGeothermal,
    title = {Three simple approaches to energy efficiency: Optimal air, energy recovery, geothermal},
    year = {2006},
    journal = {ASHRAE Journal},
    author = {Marriott, Carol},
    number = {7},
    pages = {44--50},
    volume = {48},
    publisher = {Amer. Soc. Heating, Ref. Air-Conditoning Eng. Inc}
}

@article{ReddyModelingForms,
    title = {Modeling Hourly Energy Use in Commercial Buildings With Fourier Series Functional Forms},
    author = {Reddy, T A and Claridge, D E}
}

@article{Tang20131-Octadecanol/SiO2Storage,
    title = {1-Octadecanol/SiO2 hybrid form-stable phase change materials for thermal energy storage},
    year = {2013},
    journal = {Applied Mechanics and Materials},
    author = {Tang, Bingtao and Zheng, Xixi and Qiu, Meige and Jia, Chao and Zhang, Shufen},
    doi = {10.4028/www.scientific.net/AMM.260-261.22},
    pages = {22--27},
    series = {Appl. Mech. Mater. (Switzerland)},
    volume = {260-261},
    publisher = {Trans Tech Publications Ltd},
    url = {http://dx.doi.org/10.4028/www.scientific.net/AMM.260-261.22}
}

@article{HoeschelePE2013MonitoredHomes,
    title = {Monitored Performance of Advanced Gas Water Heaters in California Homes},
    year = {2013},
    journal = {ASHRAE Transactions},
    author = {Hoeschele  PE, Marc A and Weitzel, Elizabeth},
    volume = {119},
    publisher = {American Society of Heating, Refrigeration and Air Conditioning Engineers, Inc.},
    url = {http://linkresolver.tamu.edu:9003/tamu?url{\_}ver=Z39.88-2004{\&}rft{\_}val{\_}fmt=info:ofi/fmt:kev:mtx:journal{\&}genre=article{\&}sid=ProQ:ProQ{\%}253Asciencejournals{\&}atitle=Monitored+Performance+of+Advanced+Gas+Water+Heaters+in+California+Homes{\&}title=ASHRAE+Transactions{\&}issn=00012505{\&}date=2013-01-01{\&}volume=119{\&}issue={\&}spage=1P{\&}au=Hoeschele{\%}252C+Marc+A{\%}252C+PE{\%}253BWeitzel{\%}252C+Elizabeth{\&}isbn={\&}jtitle=ASHRAE+Transactions{\&}btitle={\&}rft{\_}id=info:eric/ http://search.proquest.com/docview/1357570298?accountid=7082}
}

@article{Xu2013Paraffin/diatomiteStorage,
    title = {Paraffin/diatomite composite phase change material incorporated cement-based composite for thermal energy storage},
    year = {2013},
    journal = {Applied Energy},
    author = {Xu, Biwan and Li, Zongjin},
    doi = {10.1016/j.apenergy.2013.01.005},
    pages = {229--237},
    series = {Appl. Energy (UK)},
    volume = {105},
    publisher = {Elsevier Science Ltd},
    url = {http://dx.doi.org/10.1016/j.apenergy.2013.01.005}
}

@article{Liu2013PhaseDensity,
    title = {Phase change nanocomposites with tunable melting temperature and thermal energy storage density},
    year = {2013},
    journal = {Nanoscale},
    author = {Liu, Minglu and Wang, Robert Y},
    doi = {10.1039/c3nr02842a},
    number = {16},
    pages = {7234--7237},
    volume = {5},
    publisher = {Royal Society of Chemistry},
    url = {http://dx.doi.org/10.1039/c3nr02842a}
}

@article{Crowther2004OptimizingTowers,
    title = {Optimizing chillers and towers},
    year = {2004},
    journal = {ASHRAE Journal},
    author = {Crowther, Hugh and Furlong, James},
    number = {7},
    pages = {34--44},
    volume = {46},
    publisher = {Amer. Soc. Heating, Ref. Air-Conditoning Eng. Inc}
}

@article{Xie2013PerformanceFoam,
    title = {Performance Enhancement of Phase Change Thermal Energy Storage Unit Using Fin and Copper Foam},
    year = {2013},
    journal = {Applied Mechanics and Materials},
    author = {Xie, Yongqi and Song, Jun and Chi, Pengtao and Yu, Jianzu},
    doi = {10.4028/www.scientific.net/AMM.260-261.137},
    pages = {137--141},
    series = {Appl. Mech. Mater. (Switzerland)},
    volume = {260-261},
    publisher = {Trans Tech Publications Ltd},
    url = {http://dx.doi.org/10.4028/www.scientific.net/AMM.260-261.137}
}

@techreport{Svidt1994InvestigationBuildings,
    title = {Investigation of inlet boundary conditions for numerical prediction of air flow in livestock buildings},
    year = {1994},
    booktitle = {Aalborg University, Copenhagen, Denmark},
    author = {Svidt, Kjeld},
    publisher = {Aalborg Universitetscenter (Denmark). Inst. for Bygningsteknik}
}

@article{Sanaye2013Thermo-economicApplications,
    title = {Thermo-economic optimization of an ice thermal energy storage system for air-conditioning applications},
    year = {2013},
    journal = {Energy and Buildings},
    author = {Sanaye, S and Shirazi, A},
    doi = {10.1016/j.enbuild.2012.12.040},
    pages = {100--109},
    series = {Energy Build. (Switzerland)},
    volume = {60},
    publisher = {Elsevier Sequoia S.A},
    url = {http://dx.doi.org/10.1016/j.enbuild.2012.12.040}
}

@inproceedings{Skovgaard1991ModelingRooms,
    title = {Modeling complex inlet geometries in CFD applied to air flow in ventilated rooms},
    year = {1991},
    booktitle = {Proc. of the 12th AIVC Conference},
    author = {Skovgaard, M and Nielsen, P},
    pages = {183--200},
    volume = {3},
    publisher = {Aalborg Universitetsforlag}
}

@article{Hygh2012MultivariateDesign,
    title = {Multivariate regression as an energy assessment tool in early building design},
    year = {2012},
    journal = {Building and Environment},
    author = {Hygh, Janelle S and DeCarolis, Joseph F and Hill, David B and Ranji Ranjithan, S},
    doi = {http://dx.doi.org/10.1016/j.buildenv.2012.04.021},
    number = {0},
    pages = {165--175},
    volume = {57},
    url = {http://www.sciencedirect.com/science/article/pii/S0360132312001400}
}

@inproceedings{Vinther2013AStorage,
    title = {A learning based precool algorithm for utilization of foodstuff as thermal energy storage},
    year = {2013},
    booktitle = {2013 IEEE International Conference on Control Applications (CCA)},
    author = {Vinther, K and Rasmussen, H and Izadi-Zamanabadi, R and Stoustrup, J and Alleyne, A G},
    doi = {10.1109/CCA.2013.6662777},
    pages = {314--321},
    publisher = {IEEE},
    url = {http://dx.doi.org/10.1109/CCA.2013.6662777}
}

@article{Wang2013HeatStorage,
    title = {Heat transfer enhancement of neopentyl glycol using compressed expanded natural graphite for thermal energy storage},
    year = {2013},
    journal = {Renewable Energy},
    author = {Wang, Xianglei and Guo, Quangui and Zhong, Yajuan and Wei, Xinghai and Liu, Lang},
    doi = {10.1016/j.renene.2012.09.029},
    pages = {241--246},
    series = {Renew. Energy (UK)},
    volume = {51},
    publisher = {Elsevier Science Ltd},
    url = {http://dx.doi.org/10.1016/j.renene.2012.09.029}
}

@inproceedings{Bischel2013PhaseBuildings,
    title = {Phase change materials and their impact on the thermal performance of buildings},
    year = {2013},
    booktitle = {Advances in Materials Science for Environmental and Energy Technologies II - Materials Science and Technology 2012 Conference, MS and T 2012, October 7, 2012 - October 11},
    author = {Bischel, Marsha S and Frantz, William H},
    pages = {209--219},
    volume = {241},
    publisher = {American Ceramic Society}
}

@article{Burkhart2014MeasurementApproach,
    title = {Measurement and verification of building systems under uncertain data: A Gaussian process modeling approach},
    year = {2014},
    journal = {Energy and Buildings},
    author = {Burkhart, Michael C and Heo, Yeonsook and Zavala, Victor M},
    doi = {http://dx.doi.org/10.1016/j.enbuild.2014.01.048},
    number = {0},
    pages = {189--198},
    volume = {75},
    url = {http://www.sciencedirect.com/science/article/pii/S0378778814001091}
}

@article{Steinbrecher2011DataGuidelines,
    title = {Data center environments ASHRAE's evolving thermal guidelines},
    year = {2011},
    journal = {ASHRAE Journal},
    author = {Steinbrecher, Robin A and Schmidt, Roger},
    number = {12},
    pages = {42--49},
    volume = {53},
    publisher = {Amer. Soc. Heating, Ref. Air-Conditoning Eng. Inc}
}

@article{Aydin2013High-chainSeries,
    title = {High-chain fatty acid esters of 1-octadecanol as novel organic phase change materials and mathematical correlations for estimating the thermal properties of higher fatty acid esters' homologous series},
    year = {2013},
    journal = {Solar Energy Materials and Solar Cells},
    author = {Aydin, A A},
    doi = {10.1016/j.solmat.2013.01.024},
    pages = {44--51},
    series = {Sol. Energy Mater. Sol. Cells (Netherlands)},
    volume = {113},
    publisher = {Elsevier Science B.V},
    url = {http://dx.doi.org/10.1016/j.solmat.2013.01.024}
}

@inproceedings{Xuemei2010BuildingClustering,
    title = {Building cooling load forecasting using fuzzy support vector machine and fuzzy C-mean clustering},
    year = {2010},
    booktitle = {Computer and Communication Technologies in Agriculture Engineering (CCTAE), 2010 International Conference On},
    author = {Xuemei, Li and Yuyan, Deng and Lixing, Ding and Liangzhong, Jiang},
    doi = {10.1109/CCTAE.2010.5543577},
    pages = {438--441},
    volume = {1}
}

@article{Sharma2005LatentReview,
    title = {Latent Heat Storage Materials and Systems: A Review},
    year = {2005},
    journal = {International Journal of Green Energy},
    author = {Sharma, S D and Sagara, Kazunobu},
    doi = {10.1081/GE-200051299},
    number = {1},
    pages = {1--56},
    volume = {2},
    publisher = {Taylor {\&} Francis},
    url = {http://www.tandfonline.com/doi/abs/10.1081/GE-200051299}
}

@article{Zhang2013TheSystem,
    title = {The thermodynamic effect of thermal energy storage on compressed air energy storage system},
    year = {2013},
    journal = {Renewable Energy},
    author = {Zhang, Yuan and Yang, Ke and Li, Xuemei and Xu, Jianzhong},
    doi = {10.1016/j.renene.2012.06.052},
    pages = {227--235},
    series = {Renew. Energy (UK)},
    volume = {50},
    publisher = {Elsevier Science Ltd},
    url = {http://dx.doi.org/10.1016/j.renene.2012.06.052}
}

@inproceedings{Zhao2011NewConsumption,
    title = {New parallel support vector regression for predicting building energy consumption},
    year = {2011},
    booktitle = {Computational Intelligence in Multicriteria Decision-Making (MDCM), 2011 IEEE Symposium on},
    author = {Zhao, Hai-xiang and Magoules, F},
    doi = {10.1109/SMDCM.2011.5949289},
    pages = {14--21}
}

@article{Ke2013ElectrospunTerephthalate,
    title = {Electrospun form-stable phase change composite nanofibers consisting of capric acid-based binary fatty acid eutectics and polyethylene terephthalate},
    year = {2013},
    journal = {Fibers and Polymers},
    author = {Ke, Huizhen and Li, Dawei and Zhang, Huidan and Wang, Xiaoling and Cai, Yibing and Huang, Fenglin and Wei, Qufu},
    doi = {10.1007/s12221-013-0089-4},
    number = {1},
    pages = {89--99},
    series = {Fibers Polym. (Germany)},
    volume = {14},
    publisher = {Springer Verlag},
    url = {http://dx.doi.org/10.1007/s12221-013-0089-4}
}

@article{Al-Kayiem2013ReviewTechnologies,
    title = {Review on nanomaterials for thermal energy storage technologies},
    year = {2013},
    journal = {Nanoscience and Nanotechnology - Asia},
    author = {Al-Kayiem, Hussain and Lin, Saw Chun and Lukmon, Afolabi},
    doi = {10.2174/22113525113119990011},
    number = {1},
    pages = {60--71},
    volume = {3},
    publisher = {Bentham Science Publishers B.V},
    url = {http://dx.doi.org/10.2174/22113525113119990011}
}

@article{Barreneche2013DevelopmentBuildings,
    title = {Development and characterization of new shape-stabilized phase change material (PCM) - Polymer including electrical arc furnace dust (EAFD), for acoustic and thermal comfort in buildings},
    year = {2013},
    journal = {Energy and Buildings},
    author = {Barreneche, Camila and Fernandez, A I and Niubo, Maria and Chimenos, Jose M and Espiell, Ferran and Segarra, Merce and Sole, Cristian and Cabeza, Luisa F},
    doi = {10.1016/j.enbuild.2013.02.026},
    pages = {210--214},
    volume = {61},
    publisher = {Elsevier Ltd},
    url = {http://dx.doi.org/10.1016/j.enbuild.2013.02.026}
}

@article{Dong2005ApplyingRegion,
    title = {Applying support vector machines to predict building energy consumption in tropical region},
    year = {2005},
    journal = {Energy and Buildings},
    author = {Dong, Bing and Cao, Cheng and Lee, Siew Eang},
    doi = {http://dx.doi.org/10.1016/j.enbuild.2004.09.009},
    number = {5},
    pages = {545--553},
    volume = {37},
    url = {http://www.sciencedirect.com/science/article/pii/S0378778804002981}
}

@article{Fu2013StudyMaterials,
    title = {Study on preparation and properties of capric-myristic acid/diatomite form-stable phase change energy storage materials},
    year = {2013},
    journal = {Gongneng Cailiao/Journal of Functional Materials},
    author = {Fu, Lu-Jun and Dong, Fa-Qin and He, Ping and Yang, Yu-Shan},
    doi = {10.3969/j.issn.1001-9731.2013.10.021},
    number = {10},
    pages = {1465--1468},
    volume = {44},
    publisher = {Journal of Functional Materials},
    url = {http://dx.doi.org/10.3969/j.issn.1001-9731.2013.10.021}
}

@article{Sari2013DevelopmentPCMs,
    title = {Development, characterization, and latent heat thermal energy storage properties of neopentyl glycol-fatty acid esters as new solid-liquid PCMs},
    year = {2013},
    journal = {Industrial and Engineering Chemistry Research},
    author = {Sari, Ahmet and Alkan, Cemil and Bicer, Alper},
    doi = {10.1021/ie403039n},
    number = {51},
    pages = {18269--18275},
    volume = {52},
    publisher = {American Chemical Society},
    url = {http://dx.doi.org/10.1021/ie403039n}
}

@article{Harikrishnan2013PreparationApplications,
    title = {Preparation and Thermophysical Properties of Water-Glycerol Mixture-Based CuO Nanofluids as PCM for Cooling Applications},
    year = {2013},
    journal = {IEEE Transactions on Nanotechnology},
    author = {Harikrishnan, S and Roseline, A A and Kalaiselvam, S},
    doi = {10.1109/TNANO.2013.2265753},
    number = {4},
    pages = {629--635},
    series = {IEEE Trans. Nanotechnol. (USA)},
    volume = {12},
    publisher = {IEEE},
    url = {http://dx.doi.org/10.1109/TNANO.2013.2265753}
}

@article{Sharma2009ReviewApplications,
    title = {Review on thermal energy storage with phase change materials and applications},
    year = {2009},
    journal = {Renewable and Sustainable Energy Reviews},
    author = {Sharma, Atul and Tyagi, V V and Chen, C R and Buddhi, D},
    doi = {http://dx.doi.org/10.1016/j.rser.2007.10.005},
    number = {2},
    pages = {318--345},
    volume = {13},
    url = {http://www.sciencedirect.com/science/article/pii/S1364032107001402}
}

@article{Mehrali2013Shape-stabilizedComposite,
    title = {Shape-stabilized phase change materials with high thermal conductivity based on paraffin/graphene oxide composite},
    year = {2013},
    journal = {Energy Conversion and Management},
    author = {Mehrali, M and Latibari, S T and Metselaar, H S C and Silakhori, M},
    doi = {10.1016/j.enconman.2012.11.023},
    pages = {275--282},
    series = {Energy Convers. Manag. (UK)},
    volume = {67},
    publisher = {Elsevier Science Ltd},
    url = {http://dx.doi.org/10.1016/j.enconman.2012.11.023}
}

@misc{AmericanDiagnosticCorporationNoTitle,
    title = {No Title},
    author = {American Diagnostic Corporation},
    number = {9/30},
    volume = {2014}
}

@article{Warzoha2012DevelopmentStorage,
    title = {Development of Methods to Fully Saturate Carbon Foam With Paraffin Wax Phase Change Material for Energy Storage},
    year = {2012},
    journal = {Journal of Solar Energy Engineering},
    author = {Warzoha, Ron and Sanusi, Omar and McManus, Brian and Fleischer, Amy S},
    doi = {10.1115/1.4007934},
    number = {2},
    pages = {21006},
    volume = {135},
    url = {http://dx.doi.org/10.1115/1.4007934}
}

@techreport{Glatzmaier2011SummaryWorkshop,
    title = {Summary Report for Concentrating Solar Power Thermal Storage Workshop},
    year = {2011},
    author = {Glatzmaier, G},
    volume = {TP-5500-52},
    publisher = {NREL}
}

@article{Aranda2012MultipleSector,
    title = {Multiple regression models to predict the annual energy consumption in the Spanish banking sector},
    year = {2012},
    journal = {Energy and Buildings},
    author = {Aranda, Alfonso and Ferreira, Germ{\'{a}}n and Mainar-Toledo, M D and Scarpellini, Sabina and Llera Sastresa, Eva},
    doi = {http://dx.doi.org/10.1016/j.enbuild.2012.02.040},
    number = {0},
    pages = {380--387},
    volume = {49},
    url = {http://www.sciencedirect.com/science/article/pii/S0378778812001326}
}

@article{Huang2013Form-stableAnalysis,
    title = {Form-stable phase change materials based on eutectic mixture of tetradecanol and fatty acids for building energy storage: preparation and performance analysis},
    year = {2013},
    journal = {Materials},
    author = {Huang, Jingyu and Lu, Shilei and Kong, Xiangfei and Liu, Shangbao and Li, Yiran},
    doi = {10.3390/ma6104758},
    number = {10},
    pages = {4758--4775},
    series = {Materials (Switzerland)},
    volume = {6},
    publisher = {MDPI AG},
    url = {http://dx.doi.org/10.3390/ma6104758}
}

@article{Dhar1998ModelingForms,
    title = {Modeling hourly energy use in commercial buildings with Fourier series functional forms},
    year = {1998},
    journal = {Journal of Solar Energy Engineering},
    author = {Dhar, A and Reddy, T A and Claridge, D E},
    number = {3},
    pages = {217--223},
    volume = {120},
    publisher = {American Society of Mechanical Engineers}
}

@book{Munson1990FundamentalsMechanics,
    title = {Fundamentals of fluid mechanics},
    year = {1990},
    author = {Munson, Bruce Roy and Young, Donald F and Okiishi, Theodore Hisao},
    publisher = {New York}
}

@inproceedings{Zhao2013PreparationStorage,
    title = {Preparation and properties of paraffin/activated carbon composites as phase change materials for thermal energy storage},
    year = {2013},
    booktitle = {2nd International Conference on Energy, Environment and Sustainable Development, EESD 2012, October 12, 2012 - October 14},
    author = {Zhao, Liang and Fang, Xiangchen and Wang, Gang and Xu, Hong},
    doi = {10.4028/www.scientific.net/AMR.608-609.1049},
    pages = {1049--1053},
    volume = {608-609},
    publisher = {Trans Tech Publications},
    url = {http://dx.doi.org/10.4028/www.scientific.net/AMR.608-609.1049}
}

@misc{U.S.DepartmentofEnergy2014SunShotInitiative,
    title = {SunShot Initiative},
    year = {2014},
    author = {U.S. Department of Energy},
    number = {4/27},
    volume = {2014}
}

@article{Mehrali2013PreparationMaterials,
    title = {Preparation and properties of highly conductive palmitic acid/graphene oxide composites as thermal energy storage materials},
    year = {2013},
    journal = {Energy},
    author = {Mehrali, Mohammad and Latibari, Sara Tahan and Mehrali, Mehdi and Indra Mahlia, Teuku Meurah and Cornelis Metselaar, Hendrik Simon},
    doi = {10.1016/j.energy.2013.05.050},
    pages = {628--634},
    volume = {58},
    publisher = {Elsevier Ltd},
    url = {http://dx.doi.org/10.1016/j.energy.2013.05.050}
}

@article{El-Sawi2014AssessingSystem,
    title = {Assessing long-term performance of centralized thermal energy storage system},
    year = {2014},
    journal = {Applied Thermal Engineering},
    author = {El-Sawi, Azeldin and Haghighat, Fariborz and Akbari, Hashem},
    doi = {10.1016/j.applthermaleng.2013.09.047},
    number = {2},
    pages = {313--321},
    volume = {62},
    publisher = {Elsevier Ltd},
    url = {http://dx.doi.org/10.1016/j.applthermaleng.2013.09.047}
}

@inproceedings{Kassim2013EnergyAlam,
    title = {Energy performance and feasibility study for Thermal Energy Storage (TES) System at engineering complex UiTM Shah Alam},
    year = {2013},
    booktitle = {2013 IEEE Conference on Systems, Process {\&} Control (ICSPC)},
    author = {Kassim, A H and Zain, Z M and Hadi, R A and Ismail, I},
    doi = {10.1109/SPC.2013.6735140},
    pages = {243--247},
    publisher = {IEEE},
    url = {http://dx.doi.org/10.1109/SPC.2013.6735140}
}

@article{Fanger1988AirDraught,
    title = {Air turbulence and sensation of draught},
    year = {1988},
    journal = {Energy and Buildings},
    author = {Fanger, P O and Melikov, A K and Hanzawa, H and Ring, J},
    number = {1},
    pages = {21--39},
    volume = {12},
    publisher = {Elsevier}
}

@article{Whiffen2013AII,
    title = {A review of PCM technology for thermal energy storage in the built environment: Part II},
    year = {2013},
    journal = {International Journal of Low-Carbon Technologies},
    author = {Whiffen, T R and Riffat, S B},
    doi = {10.1093/ijlct/cts026},
    number = {3},
    pages = {159--164},
    volume = {8},
    publisher = {Oxford University Press},
    url = {http://dx.doi.org/10.1093/ijlct/cts026}
}

@article{Sole2013ReviewPCM,
    title = {Review of the T-history method to determine thermophysical properties of phase change materials (PCM)},
    year = {2013},
    journal = {Renewable and Sustainable Energy Reviews},
    author = {Sole, Aran and Miro, Laia and Barreneche, Camila and Martorell, Ingrid and Cabeza, Luisa F},
    doi = {10.1016/j.rser.2013.05.066},
    pages = {425--436},
    volume = {26},
    publisher = {Elsevier Ltd},
    url = {http://dx.doi.org/10.1016/j.rser.2013.05.066}
}

@article{Eddhahak-Ouni2013OnWallboards,
    title = {On an experimental innovative setup for the macro scale thermal analysis of materials: Application to the Phase Change Material (PCM) wallboards},
    year = {2013},
    journal = {Energy and Buildings},
    author = {Eddhahak-Ouni, Anissa and Colin, Johan and Bruneau, Denis},
    doi = {10.1016/j.enbuild.2013.05.008},
    pages = {231--238},
    volume = {64},
    publisher = {Elsevier Ltd},
    url = {http://dx.doi.org/10.1016/j.enbuild.2013.05.008}
}

@inproceedings{Katipamula1994DevelopmentBuildings,
    title = {Development and application of regression models to predict cooling energy consumption in large commercial buildings},
    year = {1994},
    booktitle = {Proceedings of the 1994 ASME/JSME/JSES International Solar Energy Conference},
    author = {Katipamula, S and Reddy, T A and Claridge, D E},
    pages = {307},
    volume = {San Franci},
    publisher = {American Society of Mechanical Engineers}
}

@article{Sun2013StudyMaterials,
    title = {Study on preparation and thermal energy storage properties of binary paraffin blends/opal shape-stabilized phase change materials},
    year = {2013},
    journal = {Solar Energy Materials and Solar Cells},
    author = {Sun, Zhiming and Kong, Weian and Zheng, Shuilin and Frost, Ray L},
    doi = {10.1016/j.solmat.2013.07.003},
    pages = {400--407},
    volume = {117},
    publisher = {Elsevier},
    url = {http://dx.doi.org/10.1016/j.solmat.2013.07.003}
}

@article{Gosman1980TheOpenings,
    title = {The flow properties of rooms with small ventilation openings},
    year = {1980},
    journal = {Journal of Fluids Engineering},
    author = {Gosman, A D and Nielsen, P V and Restivo, A and Whitelaw, J H},
    number = {3},
    pages = {316--323},
    volume = {102},
    publisher = {American Society of Mechanical Engineers}
}

@article{Zhang2013ThermalMaterial,
    title = {Thermal energy storage cement mortar containing n-octadecane/expanded graphite composite phase change material},
    year = {2013},
    journal = {Renewable Energy},
    author = {Zhang, Zhengguo and Shi, Guoquan and Wang, Shuping and Fang, Xiaoming and Liu, Xiaohong},
    doi = {10.1016/j.renene.2012.08.024},
    pages = {670--675},
    series = {Renew. Energy (UK)},
    volume = {50},
    publisher = {Elsevier Science Ltd},
    url = {http://dx.doi.org/10.1016/j.renene.2012.08.024}
}

@techreport{Akbari1992CasePerformance,
    title = {Case Studies of Thermal Energy Storage (TES) Systems: Evaluation and Verification of System Performance},
    year = {1992},
    author = {Akbari, Hashem and Sezgen, O},
    publisher = {Lawrence Berkeley Laboratory}
}

@inproceedings{Supardi2014AirSystem,
    title = {Air conditioner unit with thermal energy storage by open loop system},
    year = {2014},
    booktitle = {4th International Conference on Mechanical and Manufacturing Engineering, ICME 2013, December 17, 2013 - December 18},
    author = {Supardi, Inra and Noranai, Zamri and Yusof, Mohammad Zainal Md},
    doi = {10.4028/www.scientific.net/AMM.465-466.237},
    pages = {237--241},
    volume = {465-466},
    publisher = {Trans Tech Publications Ltd},
    url = {http://dx.doi.org/10.4028/www.scientific.net/AMM.465-466.237}
}

@article{Al-Abidi2013ExperimentalSystem,
    title = {Experimental study of PCM melting in triplex tube thermal energy storage for liquid desiccant air conditioning system},
    year = {2013},
    journal = {Energy and Buildings},
    author = {Al-Abidi, A and Mat, S and Sopian, K and Sulaiman, M Y and Mohammad, A T},
    doi = {10.1016/j.enbuild.2013.01.031},
    pages = {270--279},
    series = {Energy Build. (Switzerland)},
    volume = {60},
    publisher = {Elsevier Sequoia S.A},
    url = {http://dx.doi.org/10.1016/j.enbuild.2013.01.031}
}

@article{Roget2013StudyPlant,
    title = {Study of the KNO3-LiNO3 and KNO3-NaNO3-LiNO3 eutectics as phase change materials for thermal storage in a low-temperature solar power plant},
    year = {2013},
    journal = {Solar Energy},
    author = {Roget, F and Favotto, C and Rogez, J},
    doi = {10.1016/j.solener.2013.06.008},
    pages = {155--169},
    series = {Sol. Energy (UK)},
    volume = {95},
    publisher = {Elsevier Science Ltd},
    url = {http://dx.doi.org/10.1016/j.solener.2013.06.008}
}

@article{Zalba2003ReviewApplications,
    title = {Review on thermal energy storage with phase change: materials, heat transfer analysis and applications},
    year = {2003},
    journal = {Applied Thermal Engineering},
    author = {Zalba, Bel{\'{e}}n and Marı́n, Jos{\'{e}} Ma and Cabeza, Luisa F and Mehling, Harald},
    doi = {http://dx.doi.org/10.1016/S1359-4311(02)00192-8},
    number = {3},
    pages = {251--283},
    volume = {23},
    url = {http://www.sciencedirect.com/science/article/pii/S1359431102001928}
}

@article{Li2013PreparationStorage,
    title = {Preparation and characterization of PEG/SiO2 composites as shape-stabilized phase change materials for thermal energy storage},
    year = {2013},
    journal = {Solar Energy Materials and Solar Cells},
    author = {Li, Jingruo and He, Lihong and Liu, Tangzhi and Cao, Xuejuan and Zhu, Hongzhou},
    doi = {10.1016/j.solmat.2013.07.017},
    pages = {48--53},
    series = {Sol. Energy Mater. Sol. Cells (Netherlands)},
    volume = {118},
    publisher = {Elsevier Science B.V},
    url = {http://dx.doi.org/10.1016/j.solmat.2013.07.017}
}

@article{Singh2013PredictingRP-1404,
    title = {Predicting annual energy use in buildings using short-term monitoring: The dry bulb temperature analysis (DBTA) method (RP-1404)},
    year = {2013},
    journal = {ASHRAE Transactions},
    author = {Singh, V and Reddy, T A and Abushakra, B},
    pages = {397--405},
    volume = {120}
}

@article{Jeong2013EvaluationProperties,
    title = {Evaluation of PCM/diatomite composites using exfoliated graphite nanoplatelets (xGnP) to improve thermal properties},
    year = {2013},
    journal = {Journal of Thermal Analysis and Calorimetry},
    author = {Jeong, Su-Gwang and Jeon, Jisoo and Chung, Okyoung and Kim, Sumin and Kim, Sughwan},
    doi = {10.1007/s10973-013-3008-4},
    number = {2},
    pages = {689--698},
    volume = {114},
    publisher = {Springer Netherlands},
    url = {http://dx.doi.org/10.1007/s10973-013-3008-4}
}

@misc{Terrapass2006DemandPower,
    title = {Demand Response 101: Efficiency Pools of Power},
    year = {2006},
    author = {Terrapass},
    number = {4/28},
    volume = {2014}
}

@article{Waqas2013PhaseReview,
    title = {Phase change material (PCM) storage for free cooling of buildings-A review},
    year = {2013},
    journal = {Renewable and Sustainable Energy Reviews},
    author = {Waqas, A and Ud Din, Z},
    doi = {10.1016/j.rser.2012.10.034},
    pages = {607--625},
    series = {Renew. Sustain. Energy Rev. (UK)},
    volume = {18},
    publisher = {Elsevier Science Ltd},
    url = {http://dx.doi.org/10.1016/j.rser.2012.10.034}
}

@inproceedings{Ma2013LowMaterials,
    title = {Low temperature solid state synthesis and characterisation of lauric acid/SiO2 phase change energy storage materials},
    year = {2013},
    author = {Ma, F and Zong, X G and Wang, R},
    doi = {10.1179/1432891713Z.000000000193},
    pages = {s29-s32},
    volume = {17},
    publisher = {Maney Publishing},
    url = {http://dx.doi.org/10.1179/1432891713Z.000000000193}
}

@article{Qiu2013ThermalIsopropanol,
    title = {Thermal conductivity enhanced SiO2-Al2O3/PEG form-stable phase change material based on the sol-gel doping of aluminum isopropanol},
    year = {2013},
    journal = {Fuhe Cailiao Xuebao/Acta Materiae Compositae Sinica},
    author = {Qiu, Meige and Tang, Bingtao and Zhang, Shufen and Jia, Chao},
    number = {3},
    pages = {93--99},
    volume = {30},
    publisher = {Beijing University of Aeronautics and Astronautics (BUAA)}
}

@article{Aydin2013FattyStorage,
    title = {Fatty acid ester-based commercial products as potential new phase change materials (PCMs) for thermal energy storage},
    year = {2013},
    journal = {Solar Energy Materials and Solar Cells},
    author = {Aydin, A A},
    doi = {10.1016/j.solmat.2012.08.015},
    pages = {98--104},
    series = {Sol. Energy Mater. Sol. Cells (Netherlands)},
    volume = {108},
    publisher = {Elsevier Science B.V},
    url = {http://dx.doi.org/10.1016/j.solmat.2012.08.015}
}

@article{SubbaramNaidu2011AdvancedControl,
    title = {Advanced control strategies for HVACR systems - An overview: Part II: Soft and fusion control},
    year = {2011},
    journal = {HVAC and R Research},
    author = {Subbaram Naidu, D and Rieger, Craig G},
    doi = {10.1080/10789669.2011.555650},
    number = {2},
    pages = {144--158},
    volume = {17},
    publisher = {Amer. Soc. Heating, Ref. Air-Conditoning Eng. Inc},
    url = {http://dx.doi.org/10.1080/10789669.2011.555650}
}

@techreport{InternationalPerformanceMeasurementVerificationProtocolCommittee2002International1,
    title = {International Performance Measurement {\&} Verification Protocol, Concepts and Options for Determining Energy and Water Savings, Volume 1},
    year = {2002},
    author = {International Performance Measurement {\&} Verification Protocol Committee}
}

@inproceedings{McKenna2013AValidation,
    title = {A trnsys model of a building HVAC system with GSHP and PCM thermal energy storage - Component modelling and validation},
    year = {2013},
    booktitle = {13th Conference of International Building Performance Simulation Association, BS 2013, August 26, 2013 - August 28},
    author = {McKenna, Paul and Finn, Donal P},
    pages = {3336--3343},
    publisher = {International Building Performance Simulation Association}
}

@inproceedings{VanEssen2009CharacterizationStorage,
    title = {Characterization of salt hydrates for compact seasonal thermochemical storage},
    year = {2009},
    booktitle = {ASME 2009 3rd International Conference on Energy Sustainability collocated with the Heat Transfer and InterPACK09 Conferences},
    author = {Van Essen, V M and Gores, J Cot and Bleijendaal, L P J and Zondag, H A and Schuitema, R and Bakker, M and van Helden, W G J},
    pages = {825--830},
    publisher = {American Society of Mechanical Engineers}
}

@techreport{ASHRAE2004ThermalOccupancy,
    title = {Thermal environmental conditions for human occupancy},
    year = {2004},
    booktitle = {ANSI/ASHRAE Standard 55-2013},
    author = {ASHRAE},
    publisher = {ASHRAE}
}

@article{Beghi2014EnergyStorage,
    title = {Energy efficient control of HVAC systems with ice cold thermal energy storage},
    year = {2014},
    author = {Beghi, Alessandro and Cecchinato, Luca and Rampazzo, Mirco and Simmini, Francesco},
    doi = {10.1016/j.jprocont.2014.01.008},
    series = {Journal of Process Control},
    url = {http://dx.doi.org/10.1016/j.jprocont.2014.01.008}
}

@article{Fanger1986PerceptionSpaces,
    title = {Perception of draught in ventilated spaces},
    year = {1986},
    journal = {Ergonomics},
    author = {Fanger, P O and Christensen, N K},
    number = {2},
    pages = {215--235},
    volume = {29},
    publisher = {Taylor {\&} Francis}
}

@inproceedings{Yu2014InfluenceBuilding,
    title = {Influence of intermittent operation on soil temperature and energy storage duration of ground-source heat pump system for residential building},
    year = {2014},
    booktitle = {8th International Symposium on Heating, Ventilation, and Air Conditioning, ISHVAC 2013, October 19, 2013 - October 21},
    author = {Yu, Tao and Liu, Zhimei and Chu, Guangming and Qu, Yunxia},
    doi = {10.1007/978-3-642-39581-9{\_}20},
    pages = {203--213},
    volume = {262 LNEE},
    publisher = {Springer Verlag},
    url = {http://dx.doi.org/10.1007/978-3-642-39581-9{\_}20}
}

@article{Kumar2013AdvancesSaving,
    title = {Advances in the building materials for thermal comfort and energy saving},
    year = {2013},
    journal = {Recent Patents on Engineering},
    author = {Kumar, Arun and Singh, O P},
    doi = {10.2174/18722121113076660005},
    number = {3},
    pages = {220--232},
    volume = {7},
    publisher = {Bentham Science Publishers B.V},
    url = {http://dx.doi.org/10.2174/18722121113076660005}
}

@article{Fu2013PreparationMaterials,
    title = {Preparation and characterization of binary fatty acid/SiO2 composite phase change energy storage materials},
    year = {2013},
    journal = {Gongneng Cailiao/Journal of Functional Materials},
    author = {Fu, Lu-Jun and Dong, Fa-Qin and Yang, Yu-Shan and He, Ping},
    number = {4},
    pages = {548--551},
    volume = {44},
    publisher = {Journal of Functional Materials}
}

@inproceedings{Halvgaard2013ThermalControl,
    title = {Thermal storage power balancing with model predictive control},
    year = {2013},
    booktitle = {2013 European Control Conference (ECC)},
    author = {Halvgaard, R and Poulsen, N K and Madsen, H and Jorgensen, J B},
    pages = {2567--2572},
    publisher = {IEEE}
}

@techreport{Nielsen1989RepresentationOpenings,
    title = {Representation of boundary conditions at supply openings},
    year = {1989},
    booktitle = {IEA, Annex 20, Aalborg University, Copenhagen, Denmark},
    author = {Nielsen, Peter V},
    publisher = {Dept. of Building Technology and Structural Engineering, Aalborg University}
}

@article{AliMemon2013PreparationBuildings,
    title = {Preparation, characterization and thermal properties of Lauryl alcohol/Kaolin as novel form-stable composite phase change material for thermal energy storage in buildings},
    year = {2013},
    journal = {Applied Thermal Engineering},
    author = {Ali Memon, Shazim and Yiu Lo, Tommy and Shi, Xian and Barbhuiya, Salim and Cui, Hongzhi},
    doi = {10.1016/j.applthermaleng.2013.05.015},
    number = {1-2},
    pages = {336--347},
    volume = {59},
    publisher = {Elsevier Ltd},
    url = {http://dx.doi.org/10.1016/j.applthermaleng.2013.05.015}
}

@article{Rabl1992EnergyInterpretation,
    title = {Energy signature models for commercial buildings: test with measured data and interpretation},
    year = {1992},
    journal = {Energy and Buildings},
    author = {Rabl, A and Rialhe, A},
    number = {2},
    pages = {143--154},
    volume = {19},
    publisher = {Elsevier}
}

@article{Wang2008SupervisoryReview,
    title = {Supervisory and Optimal Control of Building HVAC Systems: A Review},
    year = {2008},
    journal = {HVAC{\&}R Research},
    author = {Wang, Shengwei and Ma, Zhenjun},
    doi = {10.1080/10789669.2008.10390991},
    number = {1},
    pages = {3--32},
    volume = {14},
    publisher = {Taylor {\&} Francis},
    url = {http://www.tandfonline.com/doi/abs/10.1080/10789669.2008.10390991}
}

@article{Fuensanta2013ThermalStorage,
    title = {Thermal properties of a novel nanoencapsulated phase change material for thermal energy storage},
    year = {2013},
    journal = {Thermochimica Acta},
    author = {Fuensanta, Monica and Paiphansiri, Umaporn and Romero-Sanchez, Maria and Guillem, Celia and Lopez-Buendia, Angel and Landfester, Katharina},
    doi = {10.1016/j.tca.2013.04.028},
    pages = {95--101},
    volume = {565},
    publisher = {Elsevier},
    url = {http://dx.doi.org/10.1016/j.tca.2013.04.028}
}

@article{Parameshwaran2014EnergyBuildings,
    title = {Energy conservative air conditioning system using silver nano-based PCM thermal storage for modern buildings},
    year = {2014},
    journal = {Energy and Buildings},
    author = {Parameshwaran, R and Kalaiselvam, S},
    doi = {10.1016/j.enbuild.2013.09.052},
    pages = {202--212},
    volume = {69},
    publisher = {Elsevier Ltd},
    url = {http://dx.doi.org/10.1016/j.enbuild.2013.09.052}
}

@article{Singh2013PredictingHIM-D,
    title = {Predicting Annual Energy Use in Buildings Using Short-Term Monitoring and Utility Bills: The Hybrid Inverse Model Using Daily Data (HIM-D)},
    year = {2013},
    journal = {ASHRAE Transactions},
    author = {Singh, Vipul and Reddy, T A and Abushakra, Bass},
    number = {2},
    pages = {169--180},
    volume = {119},
    publisher = {ASHRAE},
    url = {http://lib-ezproxy.tamu.edu:2048/login?url=http://search.ebscohost.com/login.aspx?direct=true{\&}db=a9h{\&}AN=96045757{\&}site=ehost-live}
}

@article{Bodart2002GlobalDaylighting,
    title = {Global energy savings in offices buildings by the use of daylighting},
    year = {2002},
    journal = {Energy and Buildings},
    author = {Bodart, M and De Herde, A},
    doi = {http://dx.doi.org/10.1016/S0378-7788(01)00117-7},
    number = {5},
    pages = {421--429},
    volume = {34},
    url = {http://www.sciencedirect.com/science/article/pii/S0378778801001177}
}

@article{Wang2013SynthesisPolyethylene-polyamine,
    title = {Synthesis and properties of form-stable phase change heat storage materials based on polyethylene-polyamine},
    year = {2013},
    journal = {Gaofenzi Cailiao Kexue Yu Gongcheng/Polymeric Materials Science and Engineering},
    author = {Wang, Yunming and Tang, Bingtao and Zhang, Shufen},
    number = {1},
    pages = {1--4},
    volume = {29},
    publisher = {Chengdu University of Science and Technology}
}

@article{Sanaye2013FourApplications,
    title = {Four E analysis and multi-objective optimization of an ice thermal energy storage for air-conditioning applications},
    year = {2013},
    journal = {International Journal of Refrigeration},
    author = {Sanaye, S and Shirazi, A},
    doi = {10.1016/j.ijrefrig.2012.10.014},
    number = {3},
    pages = {828--841},
    series = {Int. J. Refrig. (UK)},
    volume = {36},
    publisher = {Elsevier Science Ltd},
    url = {http://dx.doi.org/10.1016/j.ijrefrig.2012.10.014}
}

@techreport{Heikkinen1991Measurements1.17,
    title = {Measurements of test cases B2, B3, E2, E3 (isothermal and summer cooling cases), Research item 1.16 and 1.17},
    year = {1991},
    booktitle = {Technical Report, Technical Research Centre, Espoo, Finland},
    author = {Heikkinen, J},
    publisher = {IEA Annex 20, Technical Research Centre}
}

@techreport{Chen2000SimplifiedModels,
    title = {Simplified diffuser boundary conditions for numerical room airflow models},
    year = {2000},
    booktitle = {ASHRAE RP-1009},
    author = {Chen, Qingyan and Srebric, Jelena}
}

@article{Cho2009MinimumBoxes,
    title = {Minimum airflow reset of single duct VAV terminal boxes},
    year = {2009},
    journal = {Building and Environment},
    author = {Cho, Young-Hum and Liu, Mingsheng},
    number = {9},
    pages = {1876--1885},
    volume = {44},
    publisher = {Elsevier}
}

@article{Korolija2013RegressionDemands,
    title = {Regression models for predicting UK office building energy consumption from heating and cooling demands},
    year = {2013},
    journal = {Energy and Buildings},
    author = {Korolija, Ivan and Zhang, Yi and Marjanovic-Halburd, Ljiljana and Hanby, Victor I},
    doi = {http://dx.doi.org/10.1016/j.enbuild.2012.12.005},
    number = {0},
    pages = {214--227},
    volume = {59},
    url = {http://www.sciencedirect.com/science/article/pii/S0378778812006548}
}

@article{Turner2005UsingRatio,
    title = {Using ERV to improve sensible heat ratio},
    year = {2005},
    journal = {ASHRAE Journal},
    author = {Turner, Stephen C},
    number = {3},
    pages = {80--84},
    volume = {47},
    publisher = {Amer. Soc. Heating, Ref. Air-Conditoning Eng. Inc}
}

@article{Freire2008DevelopmentBuildings,
    title = {Development of regression equations for predicting energy and hygrothermal performance of buildings},
    year = {2008},
    journal = {Energy and Buildings},
    author = {Freire, Roberto Z and Oliveira, Gustavo H C and Mendes, Nathan},
    doi = {http://dx.doi.org/10.1016/j.enbuild.2007.05.014},
    number = {5},
    pages = {810--820},
    volume = {40},
    url = {http://www.sciencedirect.com/science/article/pii/S0378778807001739}
}

@article{Languri2013LatentEnclosures,
    title = {Latent thermal energy storage system using phase change material in corrugated enclosures},
    year = {2013},
    journal = {Applied Thermal Engineering},
    author = {Languri, E M and Aigbotsua, C O and Alvarado, J L},
    doi = {10.1016/j.applthermaleng.2012.07.012},
    number = {1},
    month = {10},
    pages = {1008--1014},
    series = {Appl. Therm. Eng. (UK)},
    volume = {50},
    publisher = {Elsevier Science Ltd},
    url = {http://dx.doi.org/10.1016/j.applthermaleng.2012.07.012}
}

@article{Geetha2013NovelBuildings,
    title = {Novel Concept of PCM Based Thermal Storage Integration in Active and Passive Cooling Systems for Energy Management in Buildings},
    year = {2013},
    journal = {Energy Engineering},
    author = {Geetha, N B and Velraj, R},
    doi = {10.1080/01998595.2013.10594635},
    number = {1},
    pages = {41--66},
    series = {Energy Eng. (USA)},
    volume = {110},
    publisher = {Taylor {\&} Francis Inc},
    url = {http://dx.doi.org/10.1080/01998595.2013.10594635}
}

@article{Shang2013PreparedPerformance,
    title = {Prepared of PAR/POL/SOD-composite-wall microencapsulated and research of energy storage and humidity-control performance},
    year = {2013},
    journal = {Gongneng Cailiao/Journal of Functional Materials},
    author = {Shang, Jian-Li and Wang, Si and Dong, Li},
    number = {8},
    pages = {1141--1144},
    volume = {44},
    publisher = {Journal of Functional Materials}
}

@book{Benedict1984FundamentalsMeasurements,
    title = {Fundamentals of temperature, pressure and flow measurements},
    year = {1984},
    author = {Benedict, Robert P},
    publisher = {John Wiley {\&} Sons}
}

@article{Kowalski2003DimensionalSystems,
    title = {Dimensional analysis of UVGI air disinfection systems},
    year = {2003},
    journal = {HVAC and R Research},
    author = {Kowalski, W J and Bahnfleth, W P and Rosenberger, J L},
    number = {3},
    pages = {347--362},
    volume = {9},
    publisher = {Amer. Soc. Heating, Ref. Air-Conditoning Eng. Inc}
}

@inproceedings{Reynolds1990UsingBuildings,
    title = {Using monthly billing data to find energy efficiency opportunities in small commercial buildings},
    year = {1990},
    booktitle = {Proceedings of the ACEEE 1990 Summer Study on Energy Efficiency in Buildings},
    author = {Reynolds, Cathy and Komor, Paul and Fels, M},
    pages = {221--10},
    volume = {10}
}

@article{Olivieri2014EvaluationLoads,
    title = {Evaluation of commercial building demand response potential using optimal short-term curtailment of heating, ventilation, and air-conditioning loads},
    year = {2014},
    journal = {Journal of Building Performance Simulation},
    author = {Olivieri, Simon J and Henze, Gregor P and Corbin, Chad D and Brandemuehl, Michael J},
    doi = {10.1080/19401493.2013.783118},
    number = {2},
    pages = {100--118},
    volume = {7},
    publisher = {Taylor and Francis Ltd},
    url = {http://dx.doi.org/10.1080/19401493.2013.783118}
}

@article{Henze2002EconomicSystems,
    title = {Economic Analysis of Thermal Energy Storage Systems},
    year = {2002},
    journal = {Journal of Architectural Engineering},
    author = {Henze, Gregor P},
    number = {4},
    pages = {133},
    volume = {8},
    publisher = {American Society of Civil Engineers},
    url = {http://lib-ezproxy.tamu.edu:2048/login?url=http://search.ebscohost.com/login.aspx?direct=true{\&}db=a9h{\&}AN=8526022{\&}site=ehost-live}
}

@article{Memon2013DevelopmentSlag,
    title = {Development of form-stable composite phase change material by incorporation of dodecyl alcohol into ground granulated blast furnace slag},
    year = {2013},
    journal = {Energy and Buildings},
    author = {Memon, S A and Lo, T Y and Barbhuiya, S A and Xu, Weiting},
    doi = {10.1016/j.enbuild.2013.03.026},
    pages = {360--367},
    series = {Energy Build. (Switzerland)},
    volume = {62},
    publisher = {Elsevier Sequoia S.A},
    url = {http://dx.doi.org/10.1016/j.enbuild.2013.03.026}
}

@inproceedings{Ewert1991DefinitionCalculations,
    title = {Definition of the flow parameters at the room inlet devices-measurements and calculations},
    year = {1991},
    booktitle = {Proc. of 12th AIVC Conference},
    author = {Ewert, M and Renz, U and Vogl, N and Zeller, M},
    pages = {231--237},
    volume = {3}
}

@inproceedings{Zhang2009IntervalChains,
    title = {Interval forecasting for heating load using support vector regression and error correcting Markov chains},
    year = {2009},
    booktitle = {Machine Learning and Cybernetics, 2009 International Conference on},
    author = {Zhang, Yong-Ming and Qi, Wei-Gui},
    pages = {1106--1110},
    volume = {2},
    publisher = {IEEE}
}

@techreport{Abushakra2014Measurement1404-RP,
    title = {Measurement, modeling, analysis, and reporting protocols for short-term M{\&}V of whole building energy performance, ASHRAE Research Project 1404-RP},
    year = {2014},
    booktitle = {ASHRAE},
    author = {Abushakra, Bass and Paulus, Mitchell T. and Reddy, T. Agami and Singh, Vipul}
}

@article{Liu2013MicroencapsulationApplications,
    title = {Microencapsulation of biobased phase change material by interfacial polycondensation for thermal energy storage applications},
    year = {2013},
    journal = {Journal of Biobased Materials and Bioenergy},
    author = {Liu, Cai-Hong and Yu, Xun},
    doi = {10.1166/jbmb.2013.1356},
    number = {3},
    pages = {331--335},
    volume = {7},
    publisher = {American Scientific Publishers},
    url = {http://dx.doi.org/10.1166/jbmb.2013.1356}
}

@article{Huang2013PreparationMaterials,
    title = {Preparation, characterization, and thermal properties of the microencapsulation of a hydrated salt as phase change energy storage materials},
    year = {2013},
    journal = {Thermochimica Acta},
    author = {Huang, Jin and Wang, Tingyu and Zhu, Panpan and Xiao, Junbin},
    doi = {10.1016/j.tca.2013.01.019},
    pages = {1--6},
    volume = {557},
    publisher = {Elsevier},
    url = {http://dx.doi.org/10.1016/j.tca.2013.01.019}
}

@article{Meng2013CharacterizationMaterial,
    title = {Characterization and thermal conductivity of modified graphite/fatty acid eutectic/PMMA form-stable phase change material},
    year = {2013},
    journal = {Journal Wuhan University of Technology, Materials Science Edition},
    author = {Meng, Duo and Wang, Lijiu},
    doi = {10.1007/s11595-013-0735-0},
    number = {3},
    pages = {586--591},
    volume = {28},
    publisher = {Wuhan Ligong Daxue},
    url = {http://dx.doi.org/10.1007/s11595-013-0735-0}
}

@article{Cardenas2013HighTechniques,
    title = {High temperature latent heat thermal energy storage: Phase change materials, design considerations and performance enhancement techniques},
    year = {2013},
    journal = {Renewable and Sustainable Energy Reviews},
    author = {Cardenas, Bruno and Leon, Noel},
    doi = {10.1016/j.rser.2013.07.028},
    pages = {724--737},
    volume = {27},
    publisher = {Elsevier Ltd},
    url = {http://dx.doi.org/10.1016/j.rser.2013.07.028}
}

@article{Sari2013ErythritolStorage,
    title = {Erythritol tetra myristate and erythritol tetra laurate as novel phase change materials for low temperature thermal energy storage},
    year = {2013},
    journal = {Energy Sources, Part A: Recovery, Utilization and Environmental Effects},
    author = {Sari, A and Karaipekli, A and Eroglu, R and Bicer, A},
    doi = {10.1080/15567036.2010.516323},
    number = {14},
    pages = {1285--1295},
    volume = {35},
    publisher = {Taylor and Francis Inc},
    url = {http://dx.doi.org/10.1080/15567036.2010.516323}
}

@misc{HorvathPassiveSystems,
    title = {Passive Design Systems},
    author = {Horvath, Sara},
    number = {5/6},
    volume = {2014}
}

@inproceedings{Deng2013OptimalProgramming,
    title = {Optimal scheduling of chiller plant with thermal energy storage using mixed integer linear programming},
    year = {2013},
    booktitle = {2013 American Control Conference (ACC)},
    author = {Deng, Kun and Sun, Yu and Chakraborty, A and Lu, Yan and Brouwer, J and Mehta, P G},
    pages = {2958--2963},
    publisher = {IEEE}
}

@article{Schmidt2014ExperimentalHydroxide,
    title = {Experimental results of a 10 kW high temperature thermochemical storage reactor based on calcium hydroxide},
    year = {2014},
    journal = {Applied Thermal Engineering},
    author = {Schmidt, Matthias and Szczukowski, Christoph and Ro{\ss}kopf, Christian and Linder, Marc and W{\"{o}}rner, Antje},
    doi = {http://dx.doi.org/10.1016/j.applthermaleng.2013.09.020},
    number = {2},
    pages = {553--559},
    volume = {62},
    url = {http://www.sciencedirect.com/science/article/pii/S1359431113006546}
}

@article{Qiu2013MicroencapsulatedStorage,
    title = {Microencapsulated n-alkane with p(n-butyl methacrylate-co-methacrylic acid) shell as phase change materials for thermal energy storage},
    year = {2013},
    journal = {Solar Energy},
    author = {Qiu, Xiaolin and Song, Guolin and Chu, Xiaodong and Li, Xuezhu and Tang, Guoyi},
    doi = {10.1016/j.solener.2013.01.022},
    pages = {212--220},
    volume = {91},
    publisher = {Elsevier Ltd},
    url = {http://dx.doi.org/10.1016/j.solener.2013.01.022}
}

@article{Valavala2013CarbonationStorage,
    title = {Carbonation Characteristics of Isolated Calcium Oxide Nanoparticles for Thermal Energy Storage},
    year = {2013},
    journal = {Nanoscale and Microscale Thermophysical Engineering},
    author = {Valavala, K V and Tian, Hongxiang and Sinha, S},
    doi = {10.1080/15567265.2013.776153},
    number = {3},
    pages = {204--215},
    series = {Nanoscale Microscale Thermophys. Eng. (USA)},
    volume = {17},
    publisher = {Taylor {\&} Francis},
    url = {http://dx.doi.org/10.1080/15567265.2013.776153}
}

@article{Asaoka2013MeasurementHydrate,
    title = {Measurement of latent heat of tetra-n-butylammonium bromide (TBAB) hydrate},
    year = {2013},
    journal = {International Journal of Refrigeration},
    author = {Asaoka, T and Kumano, H and Serita, M},
    doi = {10.1016/j.ijrefrig.2012.12.011},
    number = {3},
    pages = {992--997},
    series = {Int. J. Refrig. (UK)},
    volume = {36},
    publisher = {Elsevier Science Ltd},
    url = {http://dx.doi.org/10.1016/j.ijrefrig.2012.12.011}
}

@book{Webster2014MeasurementMeasurement,
    title = {Measurement, Instrumentation, and Sensors Handbook, Second Edition: Spatial, Time, and Mechanical Measurement},
    year = {2014},
    author = {Webster and Webster, John G},
    publisher = {CRC Press}
}

@article{Fang2013PreparationMaterials,
    title = {Preparation and thermal performance of polystyrene/n-tetradecane composite nanoencapsulated cold energy storage phase change materials},
    year = {2013},
    journal = {Energy Conversion and Management},
    author = {Fang, Yutang and Yu, Huimin and Wan, Weijun and Gao, Xuenong and Zhang, Zhengguo},
    doi = {10.1016/j.enconman.2013.07.060},
    pages = {430--436},
    volume = {76},
    publisher = {Elsevier Ltd},
    url = {http://dx.doi.org/10.1016/j.enconman.2013.07.060}
}

@article{Li2013FabricationStorage,
    title = {Fabrication and properties of microencapsulated paraffin@SiO2 phase change composite for thermal energy storage},
    year = {2013},
    journal = {ACS Sustainable Chemistry and Engineering},
    author = {Li, Benxia and Liu, Tongxuan and Hu, Luyang and Wang, Yanfen and Gao, Lina},
    doi = {10.1021/sc300082m},
    number = {3},
    pages = {374--380},
    volume = {1},
    publisher = {American Chemical Society},
    url = {http://dx.doi.org/10.1021/sc300082m}
}

@article{Agyenim2010HeatArray,
    title = {Heat transfer enhancement in medium temperature thermal energy storage system using a multitube heat transfer array},
    year = {2010},
    journal = {Renewable Energy},
    author = {Agyenim, Francis and Eames, Philip and Smyth, Mervyn},
    doi = {http://dx.doi.org/10.1016/j.renene.2009.03.010},
    number = {1},
    pages = {198--207},
    volume = {35},
    url = {http://www.sciencedirect.com/science/article/pii/S0960148109001104}
}

@article{Jin2013OnPerformance,
    title = {On the importance of the location of PCMs in building walls for enhanced thermal performance},
    year = {2013},
    journal = {Applied Energy},
    author = {Jin, Xing and Medina, M A and Zhang, Xiaosong},
    doi = {10.1016/j.apenergy.2012.12.079},
    pages = {72--78},
    series = {Appl. Energy (UK)},
    volume = {106},
    publisher = {Elsevier Science Ltd},
    url = {http://dx.doi.org/10.1016/j.apenergy.2012.12.079}
}

@article{Barreneche2013EffectPCM,
    title = {Effect of d-mannitol polymorphism in its thermal energy storage capacity when it is used as PCM},
    year = {2013},
    journal = {Solar Energy},
    author = {Barreneche, C and Gil, A and Sheth, F and Ines Fernandez, A and Cabeza, L F},
    doi = {10.1016/j.solener.2013.05.023},
    pages = {344--351},
    series = {Sol. Energy (UK)},
    volume = {94},
    publisher = {Elsevier Science Ltd},
    url = {http://dx.doi.org/10.1016/j.solener.2013.05.023}
}

@article{Tang2014AStorage,
    title = {A full-band sunlight-driven carbon nanotube/PEG/SiO2 composites for solar energy storage},
    year = {2014},
    journal = {Solar Energy Materials and Solar Cells},
    author = {Tang, Bingtao and Wang, Yunming and Qiu, Meige and Zhang, Shufen},
    doi = {10.1016/j.solmat.2013.12.022},
    pages = {7--12},
    series = {Sol. Energy Mater. Sol. Cells (Netherlands)},
    volume = {123},
    publisher = {Elsevier Science B.V},
    url = {http://dx.doi.org/10.1016/j.solmat.2013.12.022}
}

@inproceedings{Li2013MetallicStorage,
    title = {Metallic composites phase-change materials for hightemperature thermal energy storage},
    year = {2013},
    booktitle = {ASME 2013 7th International Conference on Energy Sustainability, ES 2013 Collocated with the ASME 2013 Heat Transfer Summer Conference and the ASME 2013 11th International Conference on Fuel Cell Science, Engineering and Technology, July 14, 2013 - July 1},
    author = {Li, Xiaobo and Wang, Hengzhi and Wang, Hui and Kim, Sohae and Esfarjani, Keivan and Ren, Zhifeng and Chen, Gang},
    doi = {10.1115/ES2013-18395},
    pages = {Advanced Energy Systems Division, Solar Energy Div},
    publisher = {American Society of Mechanical Engineers},
    url = {http://dx.doi.org/10.1115/ES2013-18395}
}

@article{Sjogren2009SensitivityEnergy,
    title = {Sensitivity of the total heat loss coefficient determined by the energy signature approach to different time periods and gained energy},
    year = {2009},
    journal = {Energy and Buildings},
    author = {Sj{\"{o}}gren, J-U and Andersson, Staffan and Olofsson, Thomas},
    number = {7},
    pages = {801--808},
    volume = {41},
    publisher = {Elsevier}
}

@article{Parameshwaran2013EnergyBuildings,
    title = {Energy efficient hybrid nanocomposite-based cool thermal storage air conditioning system for sustainable buildings},
    year = {2013},
    journal = {Energy},
    author = {Parameshwaran, R and Kalaiselvam, S},
    doi = {10.1016/j.energy.2013.06.064},
    pages = {194--214},
    volume = {59},
    publisher = {Elsevier Ltd},
    url = {http://dx.doi.org/10.1016/j.energy.2013.06.064}
}

@phdthesis{Kissock1993MethodologyBuildings,
    title = {Methodology to measure retrofit energy savings in commercial buildings},
    year = {1993},
    booktitle = {Department of Mechanical Engineering, Texas A{\&}M},
    author = {Kissock, J K}
}

@article{Shi2013PreparationMaterials,
    title = {Preparation and performance of myristic acid /silicon dioxide composites as thermal energy storage materials},
    year = {2013},
    journal = {Advanced Materials Research},
    author = {Shi, Qisong and Liu, Kuilong},
    doi = {10.4028/www.scientific.net/AMR.602-604.1086},
    number = {2},
    pages = {1086--1089},
    series = {Adv. Mater. Res. (Switzerland)},
    volume = {602-604},
    publisher = {Trans Tech Publications Ltd},
    url = {http://dx.doi.org/10.4028/www.scientific.net/AMR.602-604.1086}
}

@article{Basecq2013Short-termReview,
    title = {Short-term storage systems of thermal energy for buildings: a review},
    year = {2013},
    journal = {Advances in Building Energy Research},
    author = {Basecq, Vincent and Michaux, Ghislain and Inard, Christian and Blondeau, Patrice},
    doi = {10.1080/17512549.2013.809271},
    number = {1},
    pages = {66--119},
    volume = {7},
    publisher = {Taylor and Francis Ltd},
    url = {http://dx.doi.org/10.1080/17512549.2013.809271}
}

@article{Chieruzzi2013EffectStorage,
    title = {Effect of nanoparticles on heat capacity of nanofluids based on molten salts as PCM for thermal energy storage},
    year = {2013},
    journal = {Nanoscale Research Letters},
    author = {Chieruzzi, Manila and Cerritelli, Gian F and Miliozzi, Adio and Kenny, Jose M},
    doi = {10.1186/1556-276X-8-448},
    number = {1},
    volume = {8},
    publisher = {Springer New York},
    url = {http://dx.doi.org/10.1186/1556-276X-8-448}
}

@article{Lam2010MultipleClimates,
    title = {Multiple regression models for energy use in air-conditioned office buildings in different climates},
    year = {2010},
    journal = {Energy Conversion and Management},
    author = {Lam, Joseph C and Wan, Kevin K W and Liu, Dalong and Tsang, C L},
    doi = {http://dx.doi.org/10.1016/j.enconman.2010.06.004},
    number = {12},
    pages = {2692--2697},
    volume = {51},
    url = {http://www.sciencedirect.com/science/article/pii/S0196890410002141}
}

@inproceedings{ElHayek2013StudyStorage,
    title = {Study and Analysis of Thermal Energy Storage},
    year = {2013},
    booktitle = {International Conference on Electrical and Electronics Engineering, Clean Energy and Green Computing (EEECEGC 2013)},
    author = {El Hayek, H and Horro, R and Moubayed, N},
    pages = {151--157},
    publisher = {Society of Digital Information and Wireless Communications (SDIWC)}
}

@article{Kolpak2011Azobenzene-FunctionalizedFuels,
    title = {Azobenzene-Functionalized Carbon Nanotubes As High-Energy Density Solar Thermal Fuels},
    year = {2011},
    journal = {Nano Letters},
    author = {Kolpak, Alexie M and Grossman, Jeffrey C},
    doi = {10.1021/nl201357n},
    number = {8},
    pages = {3156--3162},
    volume = {11},
    publisher = {American Chemical Society},
    url = {http://dx.doi.org/10.1021/nl201357n}
}

@article{Nielsen1992TheDistribution,
    title = {The description of supply openings in numerical models for room air distribution},
    year = {1992},
    journal = {ASHRAE Transactions},
    author = {Nielsen, Peter V},
    number = {1},
    pages = {963--971},
    volume = {98},
    publisher = {Dept. of Building Technology and Structural Engineering, Aalborg University}
}

@article{Aydin2013PolyurethaneMaterial,
    title = {Polyurethane rigid foam composites incorporated with fatty acid ester-based phase change material},
    year = {2013},
    journal = {Energy Conversion and Management},
    author = {Aydin, A A and Okutan, H},
    doi = {10.1016/j.enconman.2012.12.015},
    pages = {74--81},
    series = {Energy Convers. Manag. (UK)},
    volume = {68},
    publisher = {Elsevier Science Ltd},
    url = {http://dx.doi.org/10.1016/j.enconman.2012.12.015}
}

@article{Kousksou2014EnergyChallenges,
    title = {Energy storage: Applications and challenges},
    year = {2014},
    journal = {Solar Energy Materials and Solar Cells},
    author = {Kousksou, T and Bruel, P and Jamil, A and El Rhafiki, T and Zeraouli, Y},
    doi = {10.1016/j.solmat.2013.08.015},
    pages = {59--80},
    series = {Sol. Energy Mater. Sol. Cells (Netherlands)},
    volume = {120},
    publisher = {Elsevier Science B.V},
    url = {http://dx.doi.org/10.1016/j.solmat.2013.08.015}
}

@article{Zhao2010ParallelConsumption,
    title = {Parallel support vector machines applied to the prediction of multiple buildings energy consumption},
    year = {2010},
    journal = {Journal of Algorithms {\&} Computational Technology},
    author = {Zhao, Hai Xiang and Magoul{\`{e}}s, Fr{\'{e}}d{\'{e}}ric},
    number = {2},
    pages = {231--249},
    volume = {4},
    publisher = {Multi-Science}
}

@article{Ling2013UseOverview,
    title = {Use of phase change materials for thermal energy storage in concrete: An overview},
    year = {2013},
    journal = {Construction and Building Materials},
    author = {Ling, Tung-Chai and Poon, Chi-Sun},
    doi = {10.1016/j.conbuildmat.2013.04.031},
    pages = {55--62},
    volume = {46},
    publisher = {Elsevier Ltd},
    url = {http://dx.doi.org/10.1016/j.conbuildmat.2013.04.031}
}

@article{Zhou2013HighlyStorage,
    title = {Highly conductive porous graphene/ceramic composites for heat transfer and thermal energy storage},
    year = {2013},
    journal = {Advanced Functional Materials},
    author = {Zhou, Mi and Lin, Tianquan and Huang, Fuqiang and Zhong, Yajuan and Wang, Zhou and Tang, Yufeng and Bi, Hui and Wan, Dongyun and Lin, Jianhua},
    doi = {10.1002/adfm.201202638},
    number = {18},
    pages = {2263--2269},
    volume = {23},
    publisher = {Wiley-VCH Verlag},
    url = {http://dx.doi.org/10.1002/adfm.201202638}
}

@article{Li2014ApplicationSystem,
    title = {Application of pattern matching method for detecting faults in air handling unit system},
    year = {2014},
    journal = {Automation in Construction},
    author = {Li, Shun and Wen, Jin},
    doi = {http://dx.doi.org/10.1016/j.autcon.2014.03.002},
    number = {0},
    pages = {49--58},
    volume = {43},
    url = {http://www.sciencedirect.com/science/article/pii/S0926580514000545}
}

@article{Scofield2009DoReally,
    title = {Do LEED-certified buildings save energy? Not really…},
    year = {2009},
    journal = {Energy and Buildings},
    author = {Scofield, John H},
    doi = {http://dx.doi.org/10.1016/j.enbuild.2009.08.006},
    number = {12},
    pages = {1386--1390},
    volume = {41},
    url = {http://www.sciencedirect.com/science/article/pii/S037877880900187X}
}

@inproceedings{Borghesan2013ApproximateStorage,
    title = {Approximate dynamic programming-based control of a building cooling system with thermal storage},
    year = {2013},
    booktitle = {2013 4th IEEE/PES Innovative Smart Grid Technologies Europe (ISGT EUROPE)},
    author = {Borghesan, F and Vignali, R and Piroddi, L and Prandini, M and Strelec, M},
    doi = {10.1109/ISGTEurope.2013.6695463},
    pages = {5 pp.},
    publisher = {IEEE},
    url = {http://dx.doi.org/10.1109/ISGTEurope.2013.6695463}
}

@article{Rathod2013ThermalReview,
    title = {Thermal stability of phase change materials used in latent heat energy storage systems: A review},
    year = {2013},
    journal = {Renewable and Sustainable Energy Reviews},
    author = {Rathod, M K and Banerjee, J},
    doi = {10.1016/j.rser.2012.10.022},
    pages = {246--258},
    series = {Renew. Sustain. Energy Rev. (UK)},
    volume = {18},
    publisher = {Elsevier Science Ltd},
    url = {http://dx.doi.org/10.1016/j.rser.2012.10.022}
}

@article{Wang2013StructureMaterials,
    title = {Structure and thermal performance of poly(styrene-co-maleic anhydride)-g-alkyl alcohol comb-like copolymeric phase change materials},
    year = {2013},
    journal = {Thermochimica Acta},
    author = {Wang, Haixia and Shi, Haifeng and Qi, Miao and Zhang, Lingjian and Zhang, Xingxiang and Qi, Lu},
    doi = {10.1016/j.tca.2013.04.025},
    pages = {34--38},
    volume = {564},
    publisher = {Elsevier},
    url = {http://dx.doi.org/10.1016/j.tca.2013.04.025}
}

@article{Xu2005AnUncertainties,
    title = {An optimization-based approach for facility energy management with uncertainties},
    year = {2005},
    journal = {HVAC and R Research},
    author = {Xu, Jun and Luh, Peter B and Jerdonek, Ron and Shaikh, Khalil and Blankson, William E},
    number = {2},
    pages = {215--237},
    volume = {11},
    publisher = {Amer. Soc. Heating, Ref. Air-Conditoning Eng. Inc}
}

@article{Li2009ApplyingBuilding,
    title = {Applying support vector machine to predict hourly cooling load in the building},
    year = {2009},
    journal = {Applied Energy},
    author = {Li, Qiong and Meng, Qinglin and Cai, Jiejin and Yoshino, Hiroshi and Mochida, Akashi},
    doi = {http://dx.doi.org/10.1016/j.apenergy.2008.11.035},
    number = {10},
    pages = {2249--2256},
    volume = {86},
    url = {http://www.sciencedirect.com/science/article/pii/S0306261908003176}
}

@article{Chen1995ComparisonComputations,
    title = {Comparison of different k-{$\epsilon$} models for indoor air flow computations},
    year = {1995},
    journal = {Numerical Heat Transfer, Part B Fundamentals},
    author = {Chen, Q},
    number = {3},
    pages = {353--369},
    volume = {28},
    publisher = {Taylor {\&} Francis}
}

@article{Zhang2007OptimalCabin,
    title = {Optimal sensor placement for airborne contaminant detection in an aircraft cabin},
    year = {2007},
    journal = {HVAC and R Research},
    author = {Zhang, Tengfei and Chen, Qingyan and Lin, Chao-Hsin},
    number = {5},
    pages = {683--696},
    volume = {13},
    publisher = {Amer. Soc. Heating, Ref. Air-Conditoning Eng. Inc}
}

@inproceedings{Hou2009AnPrediction,
    title = {An Application of Support Vector Machines in Cooling Load Prediction},
    year = {2009},
    booktitle = {Intelligent Systems and Applications, 2009. ISA 2009. International Workshop on},
    author = {Hou, Zhijian and Lian, Zhiwei},
    doi = {10.1109/IWISA.2009.5072707},
    pages = {1--4}
}

@misc{U.S.DepartmentofEnergyHttp://energy.gov/eere/buildings/new-construction-commercial-reference-buildings,
    title = {http://energy.gov/eere/buildings/new-construction-commercial-reference-buildings},
    author = {U.S. Department of Energy},
    volume = {2014}
}

@article{Hartman2005DesigningPrinciple,
    title = {Designing efficient systems with the equal marginal performance principle},
    year = {2005},
    journal = {ASHRAE Journal},
    author = {Hartman, Thomas},
    number = {7},
    pages = {64--70},
    volume = {47},
    publisher = {Amer. Soc. Heating, Ref. Air-Conditoning Eng. Inc}
}

@inproceedings{Chen1991SimulationDiffuser,
    title = {Simulation of a multiple-nozzle diffuser},
    year = {1991},
    booktitle = {Proc. of 12th AIVC Conference},
    author = {Chen, Q and Moser, A},
    pages = {1--14},
    volume = {2}
}

@article{Rodger2014ABuildings,
    title = {A fuzzy nearest neighbor neural network statistical model for predicting demand for natural gas and energy cost savings in public buildings},
    year = {2014},
    journal = {Expert Systems with Applications},
    author = {Rodger, James A},
    doi = {http://dx.doi.org/10.1016/j.eswa.2013.08.080},
    number = {4, Part 2},
    pages = {1813--1829},
    volume = {41},
    url = {http://www.sciencedirect.com/science/article/pii/S095741741300701X}
}

@article{Sun2013PeakReview,
    title = {Peak load shifting control using different cold thermal energy storage facilities in commercial buildings: A review},
    year = {2013},
    journal = {Energy Conversion and Management},
    author = {Sun, Yongjun and Wang, Shengwei and Xiao, Fu and Gao, Diance},
    doi = {10.1016/j.enconman.2013.03.026},
    pages = {101--114},
    series = {Energy Convers. Manag. (UK)},
    volume = {71},
    publisher = {Elsevier Science Ltd},
    url = {http://dx.doi.org/10.1016/j.enconman.2013.03.026}
}

@article{Ye2013Multi-walledStorage,
    title = {Multi-walled carbon nanotubes added to Na2CO3/MgO composites for thermal energy storage},
    year = {2013},
    author = {Ye, Feng and Ge, Zhiwei and Ding, Yulong and Yang, Jun},
    doi = {10.1016/j.partic.2013.05.001},
    series = {Particuology},
    url = {http://dx.doi.org/10.1016/j.partic.2013.05.001}
}

@article{Zhang2013StructureMaterials,
    title = {Structure and thermal performance of poly(ethylene glycol) alkylether (Brij)/porous silica (MCM-41) composites as shape-stabilized phase change materials},
    year = {2013},
    journal = {Thermochimica Acta},
    author = {Zhang, Lingjian and Shi, Haifeng and Li, Weiwei and Han, Xu and Zhang, Xingxiang},
    doi = {10.1016/j.tca.2013.07.027},
    pages = {1--7},
    volume = {570},
    publisher = {Elsevier},
    url = {http://dx.doi.org/10.1016/j.tca.2013.07.027}
}

@article{Florita2009ComparisonControl,
    title = {Comparison of short-term weather forecasting models for model predictive control},
    year = {2009},
    journal = {HVAC and R Research},
    author = {Florita, Anthony R and Henze, Gregor P},
    number = {5},
    pages = {835--853},
    volume = {15},
    publisher = {Amer. Soc. Heating, Ref. Air-Conditoning Eng. Inc}
}

@article{Babrauskas1992HeatHazard,
    title = {Heat release rate: The single most important variable in fire hazard},
    year = {1992},
    journal = {Fire Safety Journal},
    author = {Babrauskas, Vytenis and Peacock, Richard D},
    doi = {http://dx.doi.org/10.1016/0379-7112(92)90019-9},
    number = {3},
    pages = {255--272},
    volume = {18},
    url = {http://www.sciencedirect.com/science/article/pii/0379711292900199}
}

@article{Bicer2013NewStorage,
    title = {New kinds of energy-storing building composite PCMs for thermal energy storage},
    year = {2013},
    journal = {Energy Conversion and Management},
    author = {Bicer, A and Sari, A},
    doi = {10.1016/j.enconman.2013.01.027},
    pages = {148--156},
    series = {Energy Convers. Manag. (UK)},
    volume = {69},
    publisher = {Elsevier Science Ltd},
    url = {http://dx.doi.org/10.1016/j.enconman.2013.01.027}
}

@article{Chen2013ElectrospunStorage,
    title = {Electrospun polyethylene glycol/cellulose acetate phase change fibers with core-sheath structure for thermal energy storage},
    year = {2013},
    journal = {Renewable Energy},
    author = {Chen, Changzhong and Zhao, Yiyang and Liu, Wenmin},
    doi = {10.1016/j.renene.2013.05.020},
    pages = {222--225},
    volume = {60},
    publisher = {Elsevier Ltd},
    url = {http://dx.doi.org/10.1016/j.renene.2013.05.020}
}

@article{Kissock1998Ambient-TemperatureBuildings,
    title = {Ambient-Temperature Regression Analysis for Estimating Retrofit Savings in Commercial Buildings},
    year = {1998},
    journal = {Journal of Solar Energy Engineering},
    author = {Kissock, J K and Reddy, T A and Claridge, D E},
    doi = {10.1115/1.2888066},
    number = {3},
    pages = {168--176},
    volume = {120},
    url = {http://dx.doi.org/10.1115/1.2888066}
}

@article{Yu2013Al-Si-Mg-CuProperties,
    title = {Al-Si-Mg-Cu Heat Storage Alloys and Their Heat Storage Properties},
    year = {2013},
    journal = {Materials Science Forum},
    author = {Yu, Sirong and Xu, Jun and Zhang, Xiaohua and Yao, Qiang and Xu, Shumiao},
    doi = {10.4028/www.scientific.net/MSF.743-744.24},
    pages = {24--28},
    series = {Mater. Sci. Forum (Switzerland)},
    volume = {743-744},
    publisher = {Trans Tech Publications Ltd},
    url = {http://dx.doi.org/10.4028/www.scientific.net/MSF.743-744.24}
}

@article{SubbaramNaidu2011AdvancedControlb,
    title = {Advanced control strategies for heating, ventilation, air-conditioning, and refrigeration systems - An overview: Part I: Hard control},
    year = {2011},
    journal = {HVAC and R Research},
    author = {Subbaram Naidu, D and Rieger, Craig G},
    doi = {10.1080/10789669.2011.540942},
    number = {1},
    pages = {2--21},
    volume = {17},
    publisher = {Amer. Soc. Heating, Ref. Air-Conditoning Eng. Inc},
    url = {http://dx.doi.org/10.1080/10789669.2011.540942}
}

@article{Cai2013ElectrospunEnergy,
    title = {Electrospun nanofibrous mats absorbed with fatty acid eutectics as an innovative type of form-stable phase change materials for storage and retrieval of thermal energy},
    year = {2013},
    journal = {Solar Energy Materials and Solar Cells},
    author = {Cai, Yibing and Zong, Xue and Zhang, Jingjing and Hu, Yiyuan and Wei, Qufu and He, Guangfei and Wang, Xiaoxu and Zhao, Yong and Fong, Hao},
    doi = {10.1016/j.solmat.2012.10.022},
    pages = {160--168},
    series = {Sol. Energy Mater. Sol. Cells (Netherlands)},
    volume = {109},
    publisher = {Elsevier Science B.V},
    url = {http://dx.doi.org/10.1016/j.solmat.2012.10.022}
}

@article{Zhang2010BotanicalFiltration,
    title = {Botanical air filtration},
    year = {2010},
    journal = {ASHRAE Journal},
    author = {Zhang, Jensen and Wang, Zhiqiang and Ren, Dacheng},
    number = {12},
    pages = {138--140},
    volume = {52},
    publisher = {Amer. Soc. Heating, Ref. Air-Conditoning Eng. Inc}
}

@book{MacDonald1989InvestigationBuildings,
    title = {Investigation of metered data analysis methods for commercial and related buildings},
    year = {1989},
    author = {MacDonald, J M and Wasserman, D M},
    publisher = {Oak Ridge National Laboratory}
}

@article{Hammarsten1987AModels,
    title = {A critical appraisal of energy-signature models},
    year = {1987},
    journal = {Applied Energy},
    author = {Hammarsten, Stig},
    number = {2},
    pages = {97--110},
    volume = {26},
    publisher = {Elsevier}
}

@article{Zheng2013EncapsulatedCalorimetry,
    title = {Encapsulated phase change materials for energy storage - Characterization by calorimetry},
    year = {2013},
    journal = {Solar Energy},
    author = {Zheng, Ying and Zhao, Weihuan and Sabol, J C and Tuzla, K and Neti, S and Oztekin, A and Chen, J C},
    doi = {10.1016/j.solener.2012.10.003},
    pages = {117--126},
    series = {Sol. Energy (UK)},
    volume = {87},
    publisher = {Elsevier Science Ltd},
    url = {http://dx.doi.org/10.1016/j.solener.2012.10.003}
}

@article{Xiao2014DataPerformance,
    title = {Data mining in building automation system for improving building operational performance},
    year = {2014},
    journal = {Energy and Buildings},
    author = {Xiao, Fu and Fan, Cheng},
    doi = {http://dx.doi.org/10.1016/j.enbuild.2014.02.005},
    number = {0},
    pages = {109--118},
    volume = {75},
    url = {http://www.sciencedirect.com/science/article/pii/S0378778814001169}
}

@article{Asadi2014OnDesign,
    title = {On the development of multi-linear regression analysis to assess energy consumption in the early stages of building design},
    year = {2014},
    journal = {Energy and Buildings},
    author = {Asadi, Somayeh and Amiri, Shideh Shams and Mottahedi, Mohammad},
    doi = {http://dx.doi.org/10.1016/j.enbuild.2014.07.096},
    number = {0},
    pages = {246--255},
    volume = {85},
    url = {http://www.sciencedirect.com/science/article/pii/S0378778814007154}
}

@article{Masuda2014StatisticalBuildings,
    title = {Statistical modeling of the building energy balance variable for screening of metered energy use in large commercial buildings},
    year = {2014},
    journal = {Energy and Buildings},
    author = {Masuda, Hiroko and Claridge, David E},
    doi = {http://dx.doi.org/10.1016/j.enbuild.2014.03.070},
    number = {0},
    pages = {292--303},
    volume = {77},
    url = {http://www.sciencedirect.com/science/article/pii/S0378778814002990}
}

@article{Briggs2003ClimateComparisons,
    title = {Climate classification for building energy codes and standards: Part 2-zone definitions, maps, and comparisons},
    year = {2003},
    journal = {ASHRAE Transactions},
    author = {Briggs, Robert S and Lucas, Robert G and Taylor, Z Todd},
    pages = {122},
    volume = {109},
    publisher = {American Society of Heating, Refrigeration and Air Conditioning Engineers, Inc.},
    url = {http://linkresolver.tamu.edu:9003/tamu?url{\_}ver=Z39.88-2004{\&}rft{\_}val{\_}fmt=info:ofi/fmt:kev:mtx:journal{\&}genre=unknown{\&}sid=ProQ:ProQ{\%}253Asciencejournals{\&}atitle=Climate+classification+for+building+energy+codes+and+standards{\%}253A+Part+2-zone+definitions{\%}252C+maps{\%}252C+and+comparisons{\&}title=ASHRAE+Transactions{\&}issn=00012505{\&}date=2003-01-01{\&}volume=109{\&}issue={\&}spage=122{\&}au=Briggs{\%}252C+Robert+S{\%}253BLucas{\%}252C+Robert+G{\%}253BTaylor{\%}252C+Z+Todd{\&}isbn={\&}jtitle=ASHRAE+Transactions{\&}btitle={\&}rft{\_}id=info:eric/{\&}rft{\_}id=i}
}

@article{Pertzborn2011ImpactDesign,
    title = {Impact of weather variation on ground-source heat pump design},
    year = {2011},
    journal = {HVAC and R Research},
    author = {Pertzborn, Amanda and Nellis, Greg and Klein, Sanford},
    doi = {10.1080/10789669.2011.543259},
    number = {2},
    pages = {174--185},
    volume = {17},
    publisher = {Amer. Soc. Heating, Ref. Air-Conditoning Eng. Inc},
    url = {http://dx.doi.org/10.1080/10789669.2011.543259}
}

@article{Braun2002AnPrediction,
    title = {An inverse gray-box model for transient building load prediction},
    year = {2002},
    journal = {HVAC and R Research},
    author = {Braun, James E and Chaturvedi, Nitin},
    number = {1},
    pages = {73--99},
    volume = {8},
    publisher = {Amer. Soc. Heating, Ref. Air-Conditoning Eng. Inc}
}

@article{Sun2013PreparationMaterials,
    title = {Preparation and thermal energy storage properties of paraffin/calcined diatomite composites as form-stable phase change materials},
    year = {2013},
    journal = {Thermochimica Acta},
    author = {Sun, Zhiming and Zhang, Yuzhong and Zheng, Shuilin and Park, Yuri and Frost, Ray L},
    doi = {10.1016/j.tca.2013.02.005},
    pages = {16--21},
    volume = {558},
    publisher = {Elsevier},
    url = {http://dx.doi.org/10.1016/j.tca.2013.02.005}
}

@article{Heo2012GaussianSavings,
    title = {Gaussian process modeling for measurement and verification of building energy savings},
    year = {2012},
    journal = {Energy and Buildings},
    author = {Heo, Yeonsook and Zavala, Victor M},
    doi = {http://dx.doi.org/10.1016/j.enbuild.2012.06.024},
    number = {0},
    pages = {7--18},
    volume = {53},
    url = {http://www.sciencedirect.com/science/article/pii/S037877881200312X}
}

@article{Memon2013PreparationMaterial,
    title = {Preparation, characterization and thermal properties of dodecanol/cement as novel form-stable composite phase change material},
    year = {2013},
    journal = {Energy and Buildings},
    author = {Memon, Shazim Ali and Lo, Tommy Yiu and Cui, Hongzhi and Barbhuiya, Salim},
    doi = {10.1016/j.enbuild.2013.07.083},
    pages = {697--705},
    volume = {66},
    publisher = {Elsevier Ltd},
    url = {http://dx.doi.org/10.1016/j.enbuild.2013.07.083}
}

@article{Catalina2013MultipleDemand,
    title = {Multiple regression model for fast prediction of the heating energy demand},
    year = {2013},
    journal = {Energy and Buildings},
    author = {Catalina, Tiberiu and Iordache, Vlad and Caracaleanu, Bogdan},
    doi = {http://dx.doi.org/10.1016/j.enbuild.2012.11.010},
    number = {0},
    pages = {302--312},
    volume = {57},
    url = {http://www.sciencedirect.com/science/article/pii/S0378778812005993}
}

@misc{U.S.DepartmentofEnergy2012NewBuildings,
    title = {New Construction - Commercial Reference Buildings},
    year = {2012},
    author = {U.S. Department of Energy},
    number = {7/23},
    volume = {2014}
}

@article{Li2013FacileMaterial,
    title = {Facile preparation and adjustable thermal property of stearic acid-graphene oxide composite as shape-stabilized phase change material},
    year = {2013},
    journal = {Chemical Engineering Journal},
    author = {Li, Benxia and Liu, Tongxuan and Hu, Luyang and Wang, Yanfen and Nie, Shibin},
    doi = {10.1016/j.cej.2012.11.077},
    pages = {819--826},
    volume = {215-216},
    publisher = {Elsevier},
    url = {http://dx.doi.org/10.1016/j.cej.2012.11.077}
}

@article{Srebric2002SimplifiedDiffusers,
    title = {Simplified numerical models for complex air supply diffusers},
    year = {2002},
    journal = {HVAC{\&}R Research},
    author = {Srebric, Jelena and Chen, Qingyan},
    number = {3},
    pages = {277--294},
    volume = {8},
    publisher = {Taylor {\&} Francis}
}

@article{Haberl1996TheResults,
    title = {The great energy predictor shootout II: measuring retrofit savings-overview and discussion of results},
    year = {1996},
    journal = {ASHRAE Transactions},
    author = {Haberl, Jeff S and Thamilseran, Sabaratnan},
    pages = {419--435},
    volume = {102}
}

@article{Radermacher2008OptimizationR,
    title = {"Optimization" and HVAC and R},
    year = {2008},
    journal = {HVAC and R Research},
    author = {Radermacher, Reinhard and Abdelaziz, Omar},
    number = {6},
    pages = {817--818},
    volume = {14},
    publisher = {Amer. Soc. Heating, Ref. Air-Conditoning Eng. Inc}
}

@article{Sun2006CalibrationRP-1051,
    title = {Calibration of building energy simulation programs using the analytic optimization approach (RP-1051)},
    year = {2006},
    journal = {HVAC and R Research},
    author = {Sun, Jian and Reddy, T A},
    number = {1},
    pages = {177--196},
    volume = {12},
    publisher = {Amer. Soc. Heating, Ref. Air-Conditoning Eng. Inc}
}

@article{Kurnia2013ImprovedTES,
    title = {Improved design for heat transfer performance of a novel phase change material (PCM) thermal energy storage (TES)},
    year = {2013},
    journal = {Applied Thermal Engineering},
    author = {Kurnia, J C and Sasmito, A P and Jangam, S V and Mujumdar, A S},
    doi = {10.1016/j.applthermaleng.2012.08.015},
    number = {1},
    month = {10},
    pages = {896--907},
    series = {Appl. Therm. Eng. (UK)},
    volume = {50},
    publisher = {Elsevier Science Ltd},
    url = {http://dx.doi.org/10.1016/j.applthermaleng.2012.08.015}
}

@article{Wong2010ArtificialDaylighting,
    title = {Artificial neural networks for energy analysis of office buildings with daylighting},
    year = {2010},
    journal = {Applied Energy},
    author = {Wong, S L and Wan, Kevin K W and Lam, Tony N T},
    doi = {http://dx.doi.org/10.1016/j.apenergy.2009.06.028},
    number = {2},
    pages = {551--557},
    volume = {87},
    url = {http://www.sciencedirect.com/science/article/pii/S0306261909002669}
}

@article{Sothen2009ABanks,
    title = {A semi-empirical pressure drop model: Part II-multi-element pleated filter banks},
    year = {2009},
    journal = {HVAC and R Research},
    author = {Sothen, Ryan A and Tatarchuk, Bruce J},
    number = {2},
    pages = {269--286},
    volume = {15},
    publisher = {Amer. Soc. Heating, Ref. Air-Conditoning Eng. Inc}
}

@article{Quartararo2006OptimalSystems,
    title = {Optimal whole building control systems},
    year = {2006},
    journal = {ASHRAE Journal},
    author = {Quartararo, Louis and Roth, Kurt and Brodrick, James},
    number = {3},
    pages = {66--68},
    volume = {48},
    publisher = {Amer. Soc. Heating, Ref. Air-Conditoning Eng. Inc}
}

@misc{CSPWorld2013USProjects,
    title = {US DOE to boost thermochemical energy storage with {\$}20 M for new research projects},
    year = {2013},
    author = {CSP World},
    number = {May/27},
    volume = {2014}
}

@article{Jiang2007GeneralAnalysisb,
    title = {General methodology combining engineering optimization of primary HVAC R plants with decision analysis methods - Part II: Uncertainty and decision analysis},
    year = {2007},
    journal = {HVAC and R Research},
    author = {Jiang, Wei and Reddy, T A and Gurian, Patrick},
    number = {1},
    pages = {119--140},
    volume = {13},
    publisher = {Amer. Soc. Heating, Ref. Air-Conditoning Eng. Inc}
}

@article{Li2011ForecastingStudy,
    title = {Forecasting building energy consumption using neural networks and hybrid neuro-fuzzy system: A comparative study},
    year = {2011},
    journal = {Energy and Buildings},
    author = {Li, Kangji and Su, Hongye and Chu, Jian},
    doi = {http://dx.doi.org/10.1016/j.enbuild.2011.07.010},
    number = {10},
    pages = {2893--2899},
    volume = {43},
    url = {http://www.sciencedirect.com/science/article/pii/S0378778811003124}
}

@article{Ruch1992ABuildings,
    title = {A four-parameter change-point model for predicting energy consumption in commercial buildings},
    year = {1992},
    journal = {Journal of Solar Energy Engineering},
    author = {Ruch, David and Claridge, David E},
    number = {2},
    pages = {77--83},
    volume = {114},
    publisher = {American Society of Mechanical Engineers}
}

@inproceedings{Heikkinen1991ModelingSimulation,
    title = {Modeling of a supply air terminal for room air flow simulation},
    year = {1991},
    booktitle = {Proc. of 12th AIVC Conference},
    author = {Heikkinen, J},
    pages = {213--230},
    volume = {3}
}

@misc{Kissock1994EModelSoftware,
    title = {EModel Software},
    year = {1994},
    booktitle = {Texas A{\&}M University, Energy Systems Laboratory},
    author = {Kissock, J K and Xun, W and Sparks, R and Claridge, D E}
}

@inproceedings{Li2014StudyEngineering,
    title = {Study on thermal storage performance of phase change heat storage type air conditioning cooling reservoir in civil air defense engineering},
    year = {2014},
    booktitle = {8th International Symposium on Heating, Ventilation, and Air Conditioning, ISHVAC 2013, October 19, 2013 - October 21},
    author = {Li, Guozhu and Feng, Guohui and Xu, Xiaolong and He, Na and Li, Huixing and Chen, Qizhen},
    doi = {10.1007/978-3-642-39581-9{\_}49},
    pages = {497--508},
    volume = {262 LNEE},
    publisher = {Springer Verlag},
    url = {http://dx.doi.org/10.1007/978-3-642-39581-9{\_}49}
}

@inproceedings{Xuemei2009BuildingLS-SVM,
    title = {Building cooling load forecasting model based on LS-SVM},
    year = {2009},
    booktitle = {Information Processing, 2009. APCIP 2009. Asia-Pacific Conference on},
    author = {Xuemei, Li and Jin-hu, Lu and Lixing, Ding and Gang, Xu and Jibin, Li},
    pages = {55--58},
    volume = {1},
    publisher = {IEEE}
}

@article{Chen2013PreparationBuildings,
    title = {Preparation and characteristics of microencapsulated stearic acid as composite thermal energy storage material in buildings},
    year = {2013},
    journal = {Energy and Buildings},
    author = {Chen, Zhi and Cao, Lei and Shan, Feng and Fang, Guiyin},
    doi = {10.1016/j.enbuild.2013.03.025},
    pages = {469--474},
    series = {Energy Build. (Switzerland)},
    volume = {62},
    publisher = {Elsevier Sequoia S.A},
    url = {http://dx.doi.org/10.1016/j.enbuild.2013.03.025}
}

@article{Zhao2013HighStorage,
    title = {High temperature calorimetry and use of magnesium chloride for thermal energy storage},
    year = {2013},
    journal = {Renewable Energy},
    author = {Zhao, Weihuan and Zheng, Ying and Sabol, Joseph C and Tuzla, Kemal and Neti, Sudhakar and Oztekin, Alparslan and Chen, John C},
    doi = {10.1016/j.renene.2012.08.036},
    pages = {988--993},
    volume = {50},
    publisher = {Elsevier Ltd},
    url = {http://dx.doi.org/10.1016/j.renene.2012.08.036}
}

@article{Eto1988OnBuildings,
    title = {On using degree-days to account for the effects of weather on annual energy use in office buildings},
    year = {1988},
    journal = {Energy and Buildings},
    author = {Eto, Joseph H},
    doi = {http://dx.doi.org/10.1016/0378-7788(88)90073-4},
    number = {2},
    pages = {113--127},
    volume = {12},
    publisher = {Elsevier},
    url = {http://www.sciencedirect.com/science/article/pii/0378778888900734}
}

@article{Zeng2013MyristicStorage,
    title = {Myristic acid/polyaniline composites as form stable phase change materials for thermal energy storage},
    year = {2013},
    journal = {Solar Energy Materials and Solar Cells},
    author = {Zeng, Ju-Lan and Zhu, Fu-Rong and Yu, Sai-Bo and Xiao, Zhong-Liang and Yan, Wen-Pei and Zheng, Shuang-Hao and Zhang, Ling and Sun, Li-Xian and Cao, Zhong},
    doi = {10.1016/j.solmat.2013.03.006},
    pages = {136--140},
    series = {Sol. Energy Mater. Sol. Cells (Netherlands)},
    volume = {114},
    publisher = {Elsevier Science B.V},
    url = {http://dx.doi.org/10.1016/j.solmat.2013.03.006}
}

@article{Fanger1988AirDraughtb,
    title = {Air turbulence and sensation of draught},
    year = {1988},
    journal = {Energy and Buildings},
    author = {Fanger, P O and Melikov, A K and Hanzawa, H and Ring, J},
    number = {1},
    pages = {21--39},
    volume = {12},
    publisher = {Elsevier}
}

@article{Cheong2003ThermalTropics,
    title = {Thermal comfort study of an air-conditioned lecture theatre in the tropics},
    year = {2003},
    journal = {Building and Environment},
    author = {Cheong, K.W.D. and Djunaedy, E. and Chua, Y.L. and Tham, K.W. and Sekhar, S.C. and Wong, N.H. and Ullah, M.B.},
    doi = {10.1016/S0360-1323(02)00020-3},
    number = {1},
    month = {1},
    pages = {63--73},
    volume = {38},
    url = {http://www.sciencedirect.com/science/article/pii/S0360132302000203}
}

@inproceedings{Kajiya2011ThermalRoom,
    title = {Thermal Environment Prediction Using CFD with a Virtual Mannequin Model and Experiment with Subject in a Floor Heating Room},
    year = {2011},
    booktitle = {12th Conference of International Building Performance Simulation},
    author = {Kajiya, Ryoichi and Hiruta, Kodai and Sakai, Koji and Ono, Hiroki and Sudo, Toshihiko},
    pages = {1670--1677}
}

@article{Noh2007ThermalSystem,
    title = {Thermal comfort and indoor air quality in the lecture room with 4-way cassette air-conditioner and mixing ventilation system},
    year = {2007},
    journal = {Building and Environment},
    author = {Noh, Kwang-Chul and Jang, Jae-Soo and Oh, Myung-Do},
    doi = {10.1016/j.buildenv.2005.10.033},
    number = {2},
    month = {2},
    pages = {689--698},
    volume = {42},
    url = {http://www.sciencedirect.com/science/article/pii/S0360132305004609}
}

@article{Kwong2009ThermalSimulation,
    title = {Thermal Comfort Evaluation of the Enclosed Transitional Space in Tropical Buildings: Subjective Response and Computational Fluid Dynamics Simulation},
    year = {2009},
    journal = {Journal of Applied Sciences},
    author = {Kwong, Q.J. and Tang, S.H. and Adam, N.M.},
    number = {19},
    pages = {3480--3490},
    volume = {9}
}

@article{Stamou2008EvaluationModel,
    title = {Evaluation of thermal comfort in Galatsi Arena of the Olympics “Athens 2004” using a CFD model},
    year = {2008},
    journal = {Applied Thermal Engineering},
    author = {Stamou, Anastasios I. and Katsiris, Ioannis and Schaelin, Alois},
    doi = {10.1016/j.applthermaleng.2007.07.020},
    number = {10},
    month = {7},
    pages = {1206--1215},
    volume = {28},
    url = {http://www.sciencedirect.com/science/article/pii/S1359431107002645}
}

@article{Murphy2012TotalSystem,
    title = {Total energy wheel control in a dedicated OA system},
    year = {2012},
    journal = {ASHRAE Journal},
    author = {Murphy, John},
    number = {3},
    pages = {46--58},
    volume = {54}
}

@article{Luo2014EvaluatingClimate,
    title = {Evaluating thermal comfort in mixed-mode buildings: A field study in a subtropical climate},
    year = {2014},
    journal = {Building and Environment},
    author = {Luo, Maohui and Cao, Bin and Damiens, J{\'{e}}r{\^{o}}me and Lin, Borong and Zhu, Yingxin},
    doi = {10.1016/j.buildenv.2014.06.019},
    month = {6},
    pages = {46--54},
    volume = {88},
    url = {http://www.sciencedirect.com/science/article/pii/S036013231400211X}
}

@techreport{ASHRAE2009EconomicRP,
    title = {Economic Database in Support of ASHRAE 90.2 (Energy-Efficient Design of Low-Rise Residential Buildings) - 1481 RP},
    year = {2009},
    author = {ASHRAE},
    number = {May},
    volume = {2},
    url = {http://rp.ashrae.biz/researchproject.php?rp{\_}id=553}
}

@article{Taylor2012DualLogic,
    title = {Dual maximum VAV box control logic},
    year = {2012},
    journal = {ASHRAE Journal},
    author = {Taylor, Steven T. and Stein, Jeff and Paliaga, Gwelen and Cheng, Hwakong},
    number = {12},
    pages = {16--24},
    volume = {54}
}

@article{Simone2013Thermal1,
    title = {Thermal comfort in commercial kitchens (RP-1469): Procedure and physical measurements (Part 1)},
    year = {2013},
    journal = {HVAC{\&}R Research},
    author = {Simone, Angela and Olesen, Bjarne W and Stoops, John L and Watkins, Amber W},
    doi = {10.1080/10789669.2013.840494},
    number = {8},
    month = {10},
    pages = {1001--1015},
    volume = {19},
    publisher = {Taylor {\&} Francis},
    url = {http://dx.doi.org/10.1080/10789669.2013.840494}
}

@techreport{Chen2001SimplifiedModels,
    title = {Simplified diffuser boundary conditions for numerical room airflow models},
    year = {2001},
    booktitle = {ASHRAE RP-1009},
    author = {Chen, Qingyan and Srebric, Jelena},
    url = {http://scholar.google.com/scholar?hl=en{\&}btnG=Search{\&}q=intitle:Simplified+Diffuser+Boundary+Conditions+for+Numerical+Room+Airflow+Models{\#}0{\textbackslash}nhttp://scholar.google.com/scholar?hl=en{\&}btnG=Search{\&}q=intitle:Simplified+diffuser+boundary+conditions+for+numerical+}
}

@techreport{Nielsen1989RepresentationOpeningsb,
    title = {Representation of boundary conditions at supply openings},
    year = {1989},
    author = {Nielsen, Peter Vilhelm}
}

@techreport{Nielsen1991TheDistribution,
    title = {The description of supply openings in numerical models for room air distribution},
    year = {1991},
    author = {Nielsen, Peter Vilhelm}
}

@article{Luo2004SimulationCases,
    title = {Simulation of air flow in the IEA Annex 20 test room—validation of a simplified model for the nozzle diffuser in isothermal test cases},
    year = {2004},
    journal = {Building and Environment},
    author = {Luo, S. and Heikkinen, J. and Roux, Bernard},
    doi = {10.1016/j.buildenv.2004.04.006},
    number = {12},
    month = {12},
    pages = {1403--1415},
    volume = {39},
    url = {http://www.sciencedirect.com/science/article/pii/S0360132304001283}
}

@techreport{Svidt1994InvestigationBuildingsb,
    title = {Investigation of inlet boundary conditions for numerical prediction of air flow in livestock buildings},
    year = {1994},
    author = {Svidt, Kjeld}
}

@techreport{Skovgaard1991ModellingCFD,
    title = {Modelling complex inlet geometries in CFD},
    year = {1991},
    author = {Skovgaard, M and Nielsen, Peter Vilhelm}
}

@inproceedings{Goyal2011ADynamics,
    title = {A Method for model-reduction of nonlinear building thermal dynamics},
    year = {2011},
    booktitle = {American Control Conference (ACC), 2011},
    author = {Goyal, S and Barooah, P},
    doi = {10.1109/ACC.2011.5991461},
    pages = {2077--2082}
}

@book{Bourdouxhe1998ReferenceEquipment,
    title = {Reference Guide for Dynamic Models of HVAC Equipment},
    year = {1998},
    author = {Bourdouxhe, Jean-Pascal and Grodent, Marc and Lebrun, Jean},
    publisher = {American Society of Heating, Refrigerating, and Air-Conditioning Engineers}
}

@techreport{CenterfortheBuiltEnvironment2013EffectsRP-1515,
    title = {Effects of Diffuser Airflow Minima on Occupant Comfort, Air Mixing, and Building Energy Use (RP-1515)},
    year = {2013},
    author = {Center for the Built Environment and Taylor Engineering and Industries, Price}
}

@article{Chabaud2015AFrance,
    title = {A new approach to energy resources management in a grid-connected building equipped with energy production and storage systems: a case study in the south of France},
    year = {2015},
    journal = {Energy and Buildings},
    author = {Chabaud, Aur{\'{e}}lie and Eynard, Julien and Grieu, St{\'{e}}phane},
    doi = {10.1016/j.enbuild.2015.04.007},
    month = {4},
    pages = {9--31},
    volume = {99},
    url = {http://www.sciencedirect.com/science/article/pii/S0378778815002832}
}

@article{Mendell2009IndoorStudy,
    title = {Indoor thermal factors and symptoms in office workers: findings from the US EPA BASE study},
    year = {2009},
    journal = {Indoor Air},
    author = {Mendell, M J and Mirer, A G},
    doi = {10.1111/j.1600-0668.2009.00592.x},
    number = {4},
    month = {8},
    pages = {291--302},
    volume = {19},
    publisher = {Blackwell Publishing Ltd},
    url = {http://dx.doi.org/10.1111/j.1600-0668.2009.00592.x}
}

@inproceedings{Ewert1991Definition-,
    title = {Definition of the Flow Parameters at the Room Inlet Device - Measurements and Calculations -},
    year = {1991},
    booktitle = {12th AIVC Conference},
    author = {Ewert, M and Renz, U and Vogl, N and Zeller, M},
    pages = {231--237}
}

@inproceedings{Heikkinen1991ModellingSimulation,
    title = {Modelling of a supply air terminal for room air flow simulation},
    year = {1991},
    booktitle = {12th AIVC Conference},
    author = {Heikkinen, Jorma},
    pages = {213--230}
}

@inproceedings{Huo1996ASimulationb,
    title = {A New Method to Describe the Diffuser Boundary Conditions in CFD Simulation},
    year = {1996},
    booktitle = {5th International Conference on Air Distribution in Rooms, ROOMVENT},
    author = {Huo, Yan and Zhang, Jianshun and Shaw, Chiayu and Haghighat, Fariborz},
    pages = {233--240}
}

@techreport{Lemaire1993RoomReport,
    title = {Room air and contaminant flow, evaluation of computational methods, subtask-1 Summary Report},
    year = {1993},
    booktitle = {IEA Annex 20: Air Flow Patterns within Buildings},
    author = {Lemaire, A.D. and Chen, Q. and Ewert, M. and Heikkinen, Jorma and Inard, C. and Moser, A. and Nielsen, Peter V. and Whittle, G.},
    pages = {82}
}

@article{Paulus2015AlgorithmModel,
    title = {Algorithm for automating the selection of a temperature dependent change point model},
    year = {2015},
    journal = {Energy and Buildings},
    author = {Paulus, Mitchell T. and Claridge, David E. and Culp, Charles},
    doi = {10.1016/j.enbuild.2014.11.033},
    month = {1},
    pages = {95--104},
    volume = {87},
    url = {http://www.sciencedirect.com/science/article/pii/S0378778814009645}
}

@book{ANSYS2013ANSYSGuide,
    title = {ANSYS Mechanical User's Guide},
    year = {2013},
    author = {ANSYS}
}

@article{Srebric2001AAirflow,
    title = {A method of test to obtain diffuser data for CFD modeling of room airflow},
    year = {2001},
    journal = {ASHRAE Transactions},
    author = {Srebric, Jelena and Chen, Qingyan},
    number = {2},
    pages = {108--116},
    volume = {107}
}

@article{Li2015SimulationSystem,
    title = {Simulation and Experimental Demonstration of Model Predictive Control in a Building HVAC System},
    year = {2015},
    journal = {Science and Technology for the Built Environment},
    author = {Li, Pengfei and Vrabie, Draguna and Li, Dapeng and Bengea, Sorin and Mijanovic, Stevo and O'Neill, Zheng D.},
    doi = {10.1080/23744731.2015.1061888},
    number = {August},
    url = {http://www.tandfonline.com/doi/full/10.1080/23744731.2015.1061888}
}

@article{Kim2015DevelopmentBuildings,
    title = {Development and Experimental Demonstration of a Plug-and-PlayMultiple RTU Coordination Control Algorithm for Small/MediumCommercial Buildings},
    year = {2015},
    journal = {Energy and Buildings},
    author = {Kim, D. and Braun, J.E. and Cai, J. and Fugate, D.L.},
    doi = {10.1016/j.enbuild.2015.08.025},
    publisher = {Elsevier B.V.},
    url = {http://linkinghub.elsevier.com/retrieve/pii/S0378778815302097}
}

@article{Azar2011OptimizingApproach,
    title = {Optimizing the Performance of Energy-Intensive Commercial Buildings : Occupancy-Focused Data Collection and Analysis Approach},
    year = {2011},
    journal = {Journal of Computing in Civil Engineering},
    author = {Azar, Elie and Ph, D and Menassa, Carol C and Ph, D and Asce, A M},
    doi = {10.1061/(ASCE)CP.1943-5487.0000521.},
    pages = {1--11}
}

@article{Djongyang2010ThermalPaper,
    title = {Thermal comfort: A review paper},
    year = {2010},
    journal = {Renewable and Sustainable Energy Reviews},
    author = {Djongyang, No{\"{e}}l and Tchinda, Ren{\'{e}} and Njomo, Donatien},
    doi = {10.1016/j.rser.2010.07.040},
    number = {9},
    pages = {2626--2640},
    volume = {14}
}

@article{Arens1998AMovement,
    title = {A study of occupant cooling by personally controlled air movement},
    year = {1998},
    journal = {Energy and Buildings},
    author = {Arens, Edward and Xu, Tengfang and Miura, Katsuhiro and Hui, Zhang and Fountain, Marc and Bauman, Fred},
    doi = {10.1016/S0378-7788(97)00025-X},
    number = {1},
    month = {2},
    pages = {45--59},
    volume = {27},
    url = {http://www.sciencedirect.com/science/article/pii/S037877889700025X}
}

@techreport{Charles2003FangersModels,
    title = {Fanger's thermal comfort and draught models},
    year = {2003},
    booktitle = {Institute for Research in Construction National Research Council of Canada, Ottawa, K1A 0R6, Canada IRC Research Report RR-162},
    author = {Charles, K.E.}
}

@article{Fountain1994LocallyEnvironments,
    title = {Locally controlled air movement preferred in warm isothermal environments},
    year = {1994},
    journal = {ASHRAE Transactions},
    author = {Fountain, Marc and Bauman, Fred and Arens, Edward and Miura, Katsuhiro and de Dear, Richard},
    number = {2},
    pages = {937--952},
    volume = {100}
}

@article{Kubo1997CoolingConditions,
    title = {Cooling effects of preferred air velocity in muggy conditions},
    year = {1997},
    journal = {Building and Environment},
    author = {Kubo, Hiroko and Isoda, Norio and Enomoto-Koshimizu, Hikaru},
    doi = {10.1016/S0360-1323(96)00038-8},
    number = {3},
    month = {5},
    pages = {211--218},
    volume = {32},
    url = {http://www.sciencedirect.com/science/article/pii/S0360132396000388}
}

@article{Candido2010AirZone,
    title = {Air movement acceptability limits and thermal comfort in Brazil's hot humid climate zone},
    year = {2010},
    journal = {Building and Environment},
    author = {C{\^{a}}ndido, C. and de Dear, R.J. and Lamberts, R. and Bittencourt, L.},
    doi = {10.1016/j.buildenv.2009.06.005},
    number = {1},
    month = {1},
    pages = {222--229},
    volume = {45},
    url = {http://www.sciencedirect.com/science/article/pii/S0360132309001395}
}

@article{Cheng2012ThermalInvestigation,
    title = {Thermal comfort models: A review and numerical investigation},
    year = {2012},
    journal = {Building and Environment},
    author = {Cheng, Yuanda and Niu, Jianlei and Gao, Naiping},
    doi = {10.1016/j.buildenv.2011.05.011},
    month = {1},
    pages = {13--22},
    volume = {47},
    url = {http://www.sciencedirect.com/science/article/pii/S0360132311001508}
}

@article{Taleghani2013ABuildings,
    title = {A review into thermal comfort in buildings},
    year = {2013},
    journal = {Renewable and Sustainable Energy Reviews},
    author = {Taleghani, Mohammad and Tenpierik, Martin and Kurvers, Stanley and van den Dobbelsteen, Andy},
    doi = {10.1016/j.rser.2013.05.050},
    month = {10},
    pages = {201--215},
    volume = {26},
    url = {http://www.sciencedirect.com/science/article/pii/S1364032113003535}
}

@article{Yang2014ThermalReview,
    title = {Thermal comfort and building energy consumption implications – A review},
    year = {2014},
    journal = {Applied Energy},
    author = {Yang, Liu and Yan, Haiyan and Lam, Joseph C.},
    doi = {10.1016/j.apenergy.2013.10.062},
    month = {2},
    pages = {164--173},
    volume = {115},
    url = {http://www.sciencedirect.com/science/article/pii/S0306261913008921}
}

@article{Carlucci2012ABuildings,
    title = {A review of indices for the long-term evaluation of the general thermal comfort conditions in buildings},
    year = {2012},
    journal = {Energy and Buildings},
    author = {Carlucci, Salvatore and Pagliano, Lorenzo},
    doi = {10.1016/j.enbuild.2012.06.015},
    month = {10},
    pages = {194--205},
    volume = {53},
    url = {http://www.sciencedirect.com/science/article/pii/S0378778812003027}
}

@article{Rupp2015AEnvironment,
    title = {A review of human thermal comfort in the built environment},
    year = {2015},
    journal = {Energy and Buildings},
    author = {Rupp, Ricardo Forgiarini and V{\'{a}}squez, Natalia Giraldo and Lamberts, Roberto},
    doi = {10.1016/j.enbuild.2015.07.047},
    month = {10},
    pages = {178--205},
    volume = {105},
    url = {http://www.sciencedirect.com/science/article/pii/S0378778815301638}
}

@article{Kwong2014ThermalReview,
    title = {Thermal comfort assessment and potential for energy efficiency enhancement in modern tropical buildings: A review},
    year = {2014},
    journal = {Energy and Buildings},
    author = {Kwong, Qi Jie and Adam, Nor Mariah and Sahari, B.B.},
    doi = {10.1016/j.enbuild.2013.09.034},
    month = {1},
    pages = {547--557},
    volume = {68},
    url = {http://www.sciencedirect.com/science/article/pii/S0378778813006166}
}

@article{DeDear2013ProgressYears,
    title = {Progress in thermal comfort research over the last twenty years},
    year = {2013},
    journal = {Indoor Air},
    author = {De Dear, R. J. and Akimoto, T. and Arens, E. a. and Brager, G. and Candido, C. and Cheong, K. W D and Li, B. and Nishihara, N. and Sekhar, S. C. and Tanabe, S. and Toftum, J. and Zhang, H. and Zhu, Y.},
    doi = {10.1111/ina.12046},
    number = {6},
    pages = {442--461},
    volume = {23}
}

@article{Zhang2007AirBuildings,
    title = {Air movement preferences observed in office buildings},
    year = {2007},
    journal = {International Journal of Biometeorology},
    author = {Zhang, Hui and Arens, Edward and Fard, Sahar Abbaszadeh and Huizenga, Charlie and Paliaga, Gwelen and Brager, Gail and Zagreus, Leah},
    doi = {10.1007/s00484-006-0079-y},
    number = {5},
    pages = {349--360},
    volume = {51}
}

@article{Gagge1986AEnvironment,
    title = {A standard predictive index of human response to the thermal environment},
    year = {1986},
    journal = {ASHRAE Transactions},
    author = {Gagge, A.P. and Fobelets, A.P. and Berglund, L.G.},
    number = {2B},
    pages = {709--731},
    volume = {92}
}

@phdthesis{Williams2015STRATEGIESAreas,
    title = {STRATEGIES FOR IMPROVED MICROGRID SYSTEM SELECTION FOR THE Electrification of Rural Areas},
    year = {2015},
    author = {Williams, Jada Bennette},
    number = {August}
}

@inproceedings{Hagras200AControl,
    title = {A hierarchical fuzzy – genetic multi-agent architecture for intelligent buildings online learning , adaptation and control},
    year = {200},
    booktitle = {International Conference on Recent Advances is Soft Computing},
    author = {Hagras, Hani and Callaghan, Victor and Colley, Martin and Clarke, Graham}
}

@phdthesis{Kim2014DevelopmentUse,
    title = {Development of an Improved Methodology for Analyzing Existing Single-family Residential Energy Use},
    year = {2014},
    author = {Kim, Kee Han}
}

@phdthesis{Braun2015TheUK,
    title = {The Effects of Location and Climate Change on the Energy Consumption of Supermarkets in the UK},
    year = {2015},
    author = {Braun, Martin R}
}

@article{OCallaghan1977Sol-AirTemperature,
    title = {Sol-Air Temperature},
    year = {1977},
    journal = {Applied Energy},
    author = {O'Callaghan, P.W. and Probert, S.D.},
    number = {4},
    pages = {307--311},
    volume = {3}
}

@inproceedings{Alhaider2015MixedOperation,
    title = {Mixed Integer Programming for HVACs Operation},
    year = {2015},
    booktitle = {Power {\&} Energy Society General Meeting},
    author = {Alhaider, Mohemmed and Fan, Lingling},
    pages = {1--5}
}

@article{Park2015EstimatingBills,
    title = {Estimating thermal performance and energy saving potential of residential buildings using Utility bills},
    year = {2015},
    journal = {Energy and Buildings},
    author = {Park, J.S. and Lee, Suk Joo and Kim, Kee Han and Kwon, Kyung Woo and Jeong, Jae-Weon},
    doi = {10.1016/j.enbuild.2015.10.038},
    month = {10},
    url = {http://www.sciencedirect.com/science/article/pii/S0378778815303522}
}

@article{Li2015ExtendingMethods,
    title = {Extending the virtual refrigerant charge sensor (VRC) for variable refrigerant flow (VRF) air conditioning system using data-based analysis methods},
    year = {2015},
    journal = {Applied Thermal Engineering},
    author = {Li, Guannan and Hu, Yunpeng and Chen, Huanxin and Shen, Limei and Li, Haorong and Li, Jiong and Hu, Wenju},
    doi = {10.1016/j.applthermaleng.2015.10.050},
    month = {10},
    url = {http://www.sciencedirect.com/science/article/pii/S1359431115010972}
}

@article{Shin2015PredictionClimate,
    title = {Prediction of cooling energy use in buildings using an enthalpy-based cooling degree days method in a hot and humid climate},
    year = {2015},
    journal = {Energy and Buildings},
    author = {Shin, Minjae and Do, Sung Lok},
    doi = {10.1016/j.enbuild.2015.10.035},
    month = {10},
    url = {http://www.sciencedirect.com/science/article/pii/S0378778815303492}
}

@article{Sehar2016APreferences,
    title = {A peak-load reduction computing tool sensitive to commercial building environmental preferences},
    year = {2016},
    journal = {Applied Energy},
    author = {Sehar, Fakeha and Pipattanasomporn, Manisa and Rahman, Saifur},
    doi = {10.1016/j.apenergy.2015.10.009},
    month = {1},
    pages = {279--289},
    volume = {161},
    url = {http://www.sciencedirect.com/science/article/pii/S0306261915012362}
}

@article{Zhang2015ExperimentalFeedback,
    title = {Experimental study on a novel fuzzy control method for static pressure reset based on the maximum damper position feedback},
    year = {2015},
    journal = {Energy and Buildings},
    author = {Zhang, Jili and Li, Xiuming and Zhao, Tianyi and Dai, Wuhe},
    doi = {10.1016/j.enbuild.2015.09.014},
    month = {12},
    pages = {215--222},
    volume = {108},
    url = {http://www.sciencedirect.com/science/article/pii/S0378778815302553}
}

@article{Li2015BuildingsAnalysis,
    title = {Building's electricity consumption prediction using optimized artificial neural networks and principal component analysis},
    year = {2015},
    journal = {Energy and Buildings},
    author = {Li, Kangji and Hu, Chenglei and Liu, Guohai and Xue, Wenping},
    doi = {10.1016/j.enbuild.2015.09.002},
    month = {9},
    pages = {106--113},
    volume = {108},
    url = {http://www.sciencedirect.com/science/article/pii/S0378778815302437}
}

@article{Amiri2015UsingU.S,
    title = {Using Multiple Regression Analysis to Develop Energy Consumption Indicators for Commercial Buildings in the U.S},
    year = {2015},
    journal = {Energy and Buildings},
    author = {Amiri, Shideh Shams and Mottahedi, Mohammad and Asadi, Somayeh},
    doi = {10.1016/j.enbuild.2015.09.073},
    month = {10},
    pages = {209--216},
    volume = {109},
    url = {http://www.sciencedirect.com/science/article/pii/S0378778815303133}
}

@article{Lee2007Whole-buildingDetection,
    title = {Whole-building commercial HVAC system simulation for use in energy consumption fault detection},
    year = {2007},
    journal = {Ashrae Transactions 2007 Vol 113, Pt 2},
    author = {Lee, S U and Painter, F L and Claridge, D E},
    pages = {52--61},
    volume = {113}
}

@inproceedings{Beghi2015ASystems,
    title = {A Data-Driven Approach for Fault Diagnosis in HVAC Chiller Systems},
    year = {2015},
    booktitle = {IEEE Conference on Control Applications (CCA)},
    author = {Beghi, Alessandro and Brignoli, Riccardo and Cecchinato, Luca and Menegazzo, Gabriele and Rampazzo, Mirco},
    pages = {966--971}
}

@article{Yang2016SimultaneousNetworks,
    title = {Simultaneous control of indoor air temperature and humidity for a chilled water based air conditioning system using neural networks},
    year = {2016},
    journal = {Energy and Buildings},
    author = {Yang, Qinmin and Zhu, Jianhua and Xu, Xiangguo and Lu, Jiangang},
    doi = {10.1016/j.enbuild.2015.10.034},
    month = {1},
    pages = {159--169},
    volume = {110},
    url = {http://www.sciencedirect.com/science/article/pii/S0378778815303479}
}

@article{Dounis2016ElectrochromicApproach,
    title = {Electrochromic device modeling using an adaptive neuro-fuzzy inference system: A model-free approach},
    year = {2016},
    journal = {Energy and Buildings},
    author = {Dounis, Anastasios I. and Leftheriotis, G. and Stavrinidis, S. and Syrrokostas, G.},
    doi = {10.1016/j.enbuild.2015.10.045},
    month = {1},
    pages = {182--194},
    volume = {110},
    url = {http://www.sciencedirect.com/science/article/pii/S0378778815303595}
}

@article{Li2015SimulationSystemb,
    title = {Simulation and experimental demonstration of model predictive control in a building HVAC system},
    year = {2015},
    journal = {Science and Technology for the Built Environment},
    author = {Li, Pengfei and Vrabie, Draguna and Li, Dapeng and Bengea, Sorin C. and Mijanovic, Stevo and O’Neill, Zheng D.},
    doi = {10.1080/23744731.2015.1061888},
    number = {6},
    pages = {721--732},
    volume = {21},
    url = {http://www.tandfonline.com/doi/full/10.1080/23744731.2015.1061888}
}

@article{Costa2015InferringData,
    title = {Inferring Daily Routines from Electricity Meter Data},
    year = {2015},
    journal = {Energy and Buildings},
    author = {Costa, Nuno and Matos, In{\^{e}}s},
    doi = {10.1016/j.enbuild.2015.11.015},
    month = {11},
    pages = {294--301},
    volume = {110},
    url = {http://www.sciencedirect.com/science/article/pii/S0378778815303807}
}

@article{Tianyi2016AnSystem,
    title = {An optimal differential pressure reset strategy based on the most unfavorable thermodynamic loop on-line identification for a variable water flow air conditioning system},
    year = {2016},
    journal = {Energy and Buildings},
    author = {Tianyi, Zhao and Liangdong, Ma and Jili, Zhang},
    doi = {10.1016/j.enbuild.2015.10.032},
    month = {1},
    pages = {257--268},
    volume = {110},
    url = {http://www.sciencedirect.com/science/article/pii/S0378778815303467}
}

@article{So2015ABuildings,
    title = {A high level method to disaggregate electricity for cluster-Metered buildings},
    year = {2015},
    journal = {Energy and Buildings},
    author = {So, Nicholas and Richman, Russell},
    doi = {10.1016/j.enbuild.2015.11.019},
    month = {11},
    url = {http://www.sciencedirect.com/science/article/pii/S0378778815303844}
}

@article{Lu2016TheSystems,
    title = {The application of linear regression and the power law relationship of air-side heat transfer with field measurements to model the performance of run-around heat recovery systems},
    year = {2016},
    journal = {Energy and Buildings},
    author = {Lu, Tao and L{\"{u}}, Xiaoshu and Kibert, Charles and Puttonen, Jari},
    doi = {10.1016/j.enbuild.2015.10.028},
    month = {1},
    pages = {453--467},
    volume = {110},
    url = {http://www.sciencedirect.com/science/article/pii/S0378778815303406}
}

@article{Zorita2016ABuildings,
    title = {A statistical modeling approach to detect anomalies in energetic efficiency of buildings},
    year = {2016},
    journal = {Energy and Buildings},
    author = {Zorita, Angel L. and Fern{\'{a}}ndez-Temprano, Miguel A. and Garc{\'{i}}a-Escudero, Luis-Angel and Duque-Perez, Oscar},
    doi = {10.1016/j.enbuild.2015.11.005},
    month = {1},
    pages = {377--386},
    volume = {110},
    url = {http://www.sciencedirect.com/science/article/pii/S0378778815303716}
}

@article{Taki2015HeatGreenhouse,
    title = {Heat transfer and MLP Neural Network models to predict inside environment variables and energy lost in a semi-solar greenhouse},
    year = {2015},
    journal = {Energy and Buildings},
    author = {Taki, Morteza and Ajabshirchi, Yahya and Ranjbar, Seyed Faramarz and Rohani, Abbas and Matloobi, Mansour},
    doi = {10.1016/j.enbuild.2015.11.010},
    month = {11},
    pages = {314--329},
    volume = {110},
    url = {http://www.sciencedirect.com/science/article/pii/S0378778815303753}
}

@article{Fang2015TheSystem,
    title = {The evaluation of operation performance of HVAC system based on the ideal operation level of system},
    year = {2015},
    journal = {Energy and Buildings},
    author = {Fang, Xing and Jin, Xinqiao and Du, Zhimin and Wang, Yijun},
    doi = {10.1016/j.enbuild.2015.11.020},
    month = {11},
    pages = {330--344},
    volume = {110},
    url = {http://www.sciencedirect.com/science/article/pii/S037877881530387X}
}

@phdthesis{Leij2015AEurope,
    title = {A quantitative analysis of current and future electricity demand patterns in Europe},
    year = {2015},
    author = {Leij, Hilko van der}
}