@mastersthesis{Paulus2012,
author = {\textbf{Mitchell T. Paulus}},
school = {Milwaukee School of Engineering},
title = {Measurement, Modeling, Analysis and Reporting Protocols for Short-Term Monitoring and Verification of Whole Building Energy Performance},
type = {{M.S. Thesis}},
year = {2012}
}
@article{Paulus2015AlgorithmModel,
    title = {Algorithm for automating the selection of a temperature dependent change point model},
    year = {2015},
    journal = {Energy and Buildings},
    author = {\textbf{Mitchell T. Paulus} and Claridge, David E. and Culp, Charles},
    doi = {10.1016/j.enbuild.2014.11.033},
    pages = {95--104},
    volume = {87},
    url = {http://www.sciencedirect.com/science/article/pii/S0378778814009645}
}

@article{Gangisetti2015,
    title = {Influence of reduced {VAV} flow settings on indoor thermal comfort in an office space},
    year = {2015},
    journal = {Building Simulation},
    author = {Gangisetti, Kavita and Claridge, David E. and Srebric, Jelena and \textbf{Mitchell T. Paulus}},
    doi = {10.1007/s12273-015-0254-3},
    number = {1},
    volume = {9}
}

@article{Paulus2016a,
author = {Bass Abushakra and \textbf{Mitchell T. Paulus}},
title = {An hourly hybrid multivariate change-point inverse model using short-term monitored data for annual prediction of building energy performance, {Part I}: Background ({1404-RP})},
journal = {Science and Technology for the Built Environment},
year = {2016},
doi = {10.1080/23744731.2016.1215222},
}

@article{Paulus2016b,
author = {Bass Abushakra and \textbf{Mitchell T. Paulus}},
title = {An hourly hybrid multivariate change-point inverse model using short-term monitored data for annual prediction of building energy performance, {Part II: Methodology (1404-RP)}},
journal = {Science and Technology for the Built Environment},
year = {2016},
doi = {10.1080/23744731.2016.1215199},
}

@article{Paulus2016c,
author = {Bass Abushakra and \textbf{Mitchell T. Paulus}},
title = {An hourly hybrid multivariate change point inverse model using short-term monitored data for annual prediction of building energy performance, {Part III: Results and Analysis (1404-RP)}},
journal = {Science and Technology for the Built Environment},
year = {2016},
doi = {10.1080/23744731.2016.1215659},
}

@book{Paulusbook,
author={David Strong and Victoria Burrows},
title={A Whole-System Approach to High-Performance Green Buildings, Continuous Commissioning\textsuperscript{\textregistered} Chapter},
year = 2016,
}

@article{Paulus2017,
author= {\textbf{Mitchell T. Paulus}},
title= {Algorithm for explicit solution to the three parameter linear change point regression model},
journal={Science and Technology for the Built Environment},
year={2016}
}
